2800 4500
1029 242 1428 295 ΛΕΞῙΦΑΝΗΣ.
2176 239 2296 299 153

160 403 385 495 καιρός
430 410 577 478 ἐστι
617 416 937 494 χρίεσθαι
979 411 1054 479 τὸ
1100 407 1409 495 ἡλιοκαὲς
1450 414 1561 478 καὶ
1609 409 1782 496 πρὸς
1814 410 1931 500 τὴν
1963 411 2143 496 εἵλην
2173 415 2297 478 θέ-

163 517 405 597 ρεσθαι
463 516 577 581 καὶ
639 514 1081 596 λουσαμένους
1124 507 1532 596 ἀρτοσιτεῖν·
1601 516 1714 579 καὶ
1763 507 1887 601 ἤδη
1932 536 2007 598 γε
2050 506 2297 601 άπιτη-

162 618 288 679 τέα.
383 613 464 680 σὺ
514 616 605 695 δέ,
652 601 703 680 ὦ
751 629 900 696 παῖ,
949 615 1297 701 στλεγγίδα
1340 641 1457 699 μοι
1486 618 1601 682 καὶ
1625 610 1879 701 βύρσαν
1907 616 2019 680 καὶ
2052 615 2298 702 φωσώ-

163 743 264 782 νια
303 719 424 785 καὶ
469 711 779 805 ῥύμματα
822 718 1207 784 ναυστολεῖν
1250 716 1317 795 ἐς
1358 716 1435 784 τὸ
1491 719 1846 802 βαλανεῖον
1901 720 2014 785 καὶ
2059 711 2300 785 τουπί-

162 818 434 902 λουτρον
490 817 811 902 κομίζειν·
868 817 1035 901 ἔχεις
1091 817 1165 884 δὲ
1204 816 1457 901 χαμᾶζε
1499 818 1688 904 παρὰ
1731 816 1851 904 τὴν
1897 817 2299 907 ἐγγυοθήκην

163 913 258 984 δύ’
310 913 560 1003 ὀβολώ.
649 943 728 987 συ
777 921 850 987 δὲ
892 926 962 987 τί
1003 922 1114 987 καὶ
1160 919 1461 1004 πράξεις,
1506 946 1559 985 ω
1592 919 1996 1008 Λεξίφανες,
2042 910 2300 1009 η’ξεις”
2257 947 2297 1005 η

165 1020 545 1100 ἐλινύσεις’
525 1021 625 1089 ε’τι
662 1015 948 1104 αὗτόθις
989 1016 1215 1107 Κάγώ,
1262 1006 1343 1110 ἦν
1374 1015 1436 1087 δ’
1472 1019 1617 1108 ἐγω,
1662 1023 1991 1106 τρίπαλαι
2021 1022 2297 1090 λουτιῶ·

80 1118 270 1190 Μοῦκ
299 1122 611 1212 εὐφόρως
652 1150 726 1191 τε
767 1123 893 1211 γὰρ
939 1124 1065 1208 έχω
1109 1127 1221 1190 καὶ
1262 1150 1348 1190 τα
1396 1117 1575 1246 ἀμφὶ
1617 1123 1735 1211 τὴν
1778 1123 2021 1208 τράμιν
2085 1126 2303 1209 μαλα-

164 1226 426 1310 κίζομαι
472 1219 582 1292 ἐπ’
634 1219 971 1314 ἀστράβης
1001 1219 1295 1313 ὀχηθείς.
1383 1221 1419 1292 o‘
1451 1223 1576 1311 γὰρ
1609 1218 2117 1315 αστραβηλάτης
2146 1224 2303 1292 ἐπέ-

168 1351 454 1449 σπερχες
451 1334 672 1396 καίτοι
716 1322 1145 1409 ασκωλιάζων
1190 1322 1412 1406 αυτός.
1502 1323 1672 1394 ἆλλὰ
1716 1330 1826 1395 καὶ
1876 1326 1944 1393 ἐν
1975 1322 2157 1414 αυτῷ
2187 1321 2304 1395 οὐκ

169 1424 372 1519 ἀκμὴς
414 1416 495 1518 ἦν
538 1433 635 1516 τῷ
691 1424 905 1517 άγρῴ·
961 1431 1326 1514 κατέλαβον
1382 1428 1510 1515 γὰρ
1569 1428 1726 1509 τοὺς
1785 1428 2065 1517 ἐργάτας
2121 1432 2301 1516 λιγυ-

169 1532 464 1617 ρίζοντας
506 1532 624 1621 τὴν
666 1533 943 1621 θερινὴν
988 1526 1187 1620 ᾠδήν,
1231 1557 1387 1610 τους
1433 1531 1506 1598 δε
1548 1530 1767 1651 τάφον
1797 1536 1894 1619 τῷ
1925 1532 2063 1620 ἐμῷ
2094 1536 2306 1619 πατρὶ

168 1633 782 1715 κατασκευάζοντας.
875 1634 1511 1722 συντυμβωρυχήσας
1568 1659 1682 1701 ουν
1729 1628 1957 1713 αὐτοῖς
2005 1637 2119 1701 καὶ
2161 1649 2305 1713 τοῖς

172 1733 487 1820 ἇναχοῦσι
549 1736 632 1802 τὰ
699 1733 951 1826 ἄνδηρα
1012 1740 1120 1804 καὶ
1194 1732 1394 1814 αὐτὸς
1448 1730 1643 1823 όλίγα
1700 1732 2304 1827 συγχειροπονήσας

87 1838 443 1916 322ἐκείνους
485 1840 607 1923 μὲν
652 1839 948 1928 διαφῆκα
989 1842 1109 1906 τοῦ
1152 1864 1227 1906 τε
1276 1838 1514 1921 κρύους
1572 1838 1757 1906 ἕνεκα
1812 1842 1926 1906 καὶ
1982 1833 2089 1908 ὅτι
2144 1840 2304 1907 καύ-

172 1967 341 2024 ματα
385 1928 500 2029 ἧν·
560 1937 772 2008 οἶσθα
815 1941 887 2007 δὲ
933 1936 1023 2018 ὥς
1066 1939 1135 2007 ἐν
1178 1940 1360 2024 κρύει
1406 1940 1681 2029 σφοδρῷ
1722 1948 1976 2027 γίνεται
2018 1942 2104 2008 τὰ
2146 1943 2305 2010 καύ-

173 2070 362 2127 ματα.
454 2042 579 2129 ἐγώ
626 2044 699 2110 δὲ
742 2042 1125 2131 περιελθὼν
1170 2043 1253 2109 τὰ
1301 2037 1609 2128 άρόματα
1652 2043 1942 2128 σκόροδά
1999 2069 2072 2111 τε
2116 2039 2305 2130 εὗρον

177 2144 238 2211 ἐν
283 2141 511 2224 αὐτοῖς
554 2145 901 2234 πεφυκότα
945 2148 1054 2213 καὶ
1098 2145 1567 2234 γηπαττάλους
1609 2144 1799 2224 τινὰς
1845 2139 2166 2229 ἀνορύξας
2193 2149 2306 2214 καὶ

176 2253 300 2316 τῶν
374 2250 738 2317 σκανδίκων
810 2252 920 2316 καὶ
991 2249 1338 2335 βρακάνων
1407 2247 1993 2333 λαχανευσάμενος,
2069 2249 2170 2318 ἔτι
2235 2250 2306 2315 δὲ

177 2348 405 2467 κάχρυς
471 2348 842 2435 πριάμενος
896 2387 977 2398 -
1034 2345 1227 2415 ου’πω
1293 2349 1365 2415 δὲ
1434 2348 1499 2415 οἱ
1558 2350 1873 2431 λειμωνες
1933 2342 2308 2432 ἀνθοσμίαι

178 2436 356 2535 ἦσαν,
390 2447 480 2529 ὥς
513 2444 924 2539 αυτοποδητὶ
951 2449 1249 2534 βαδίζειν
1277 2488 1360 2498 -
1392 2443 1749 2527 ἀνατεθεὶς
1780 2448 1895 2516 ἐπὶ
1917 2448 2036 2536 τὴν
2061 2443 2309 2534 ἀστρά-

93 2559 293 2640 323βην
338 2553 578 2639 ἐδάρην
621 2551 737 2620 τὸν
783 2547 1011 2638 ορρον·
1070 2554 1184 2618 καὶ
1229 2555 1341 2618 νῦν
1383 2551 1636 2636 βαδίζω
1680 2577 1753 2618 τε
1808 2546 2144 2641 ὀδυνηρῶς
2198 2554 2311 2618 καὶ

187 2654 332 2721 ἰδίω
360 2650 427 2721 θ’
467 2649 605 2740 άμα
634 2658 743 2721 καὶ
773 2657 1079 2739 μαλακιω
1107 2653 1183 2721 τὸ
1219 2658 1412 2736 σῶμα
1453 2657 1562 2721 καὶ
1596 2655 1835 2739 δέομαι
1865 2656 2211 2723 διανεῦσαι
2241 2653 2307 2721 ἐν

179 2761 271 2842 τῷ
312 2750 501 2823 ῧδατι
547 2756 664 2823 ἐπὶ
709 2759 1059 2822 πλεῖστον·
1102 2763 1314 2839 χαίρω
1361 2757 1433 2822 δὲ
1462 2755 1631 2839 μετὰ
1676 2751 1970 2841 κάματον
2017 2751 2307 2824 ἀπολού-

180 2883 386 2942 μενος.
474 2867 533 2928 3.
582 2852 1057 2945 ἆποθρέξομαι
1102 2843 1217 2924 οὗν
1259 2861 1371 2924 καὶ
1420 2853 1618 2935 αὐτὸς
1662 2858 1835 2942 πρὸς
1891 2858 2008 2926 τὸν
2065 2860 2302 2942 παῖδα,
2338 2872 2378 2929 8

183 2959 256 3029 ὃν
301 2961 468 3040 εἰκὸς
511 2951 553 3049 ἢ
598 2960 786 3045 παρὰ
828 2965 909 3049 τῇ
944 2960 1453 3050 ληκυθοπώλιδι
1482 2950 1522 3050 ἢ
1554 2959 1742 3047 παρὰ
1775 2966 1872 3048 τῷ
1915 2963 2307 3051 γρυτοπώλῃ

185 3088 267 3147 με
303 3068 713 3152 περιμένειν·
771 3071 992 3131 καίτοι
1050 3063 1504 3152 προηγόρευτο
1563 3057 1746 3150 αὐτῷ
1802 3062 1919 3131 ἐπὶ
1977 3064 2060 3130 τά
2116 3067 2307 3153 γέλγη

101 3158 498 3233 324ἆπαντᾶν.
590 3160 739 3232 ἄλλ’
793 3164 860 3244 ἐς
901 3164 1133 3253 καιρὸν
1178 3162 1408 3232 οὑτοσὶ
1441 3159 1642 3244 αὐτὸς
1671 3160 2058 3254 ἐμπολήσας
2085 3190 2174 3252 γε.
2222 3162 2311 3243 ὡς

187 3263 337 3352 ὃρῶ,
402 3268 735 3355 πυριάτην
801 3273 874 3334 τέ
937 3295 1090 3335 τινα
1144 3272 1255 3335 καὶ
1315 3267 1670 3356 ἐγκρυφίας
1735 3271 1845 3335 καὶ
1909 3267 2134 3353 γήτεια
2198 3271 2311 3334 καὶ

191 3370 429 3457 φύσκας
471 3374 582 3438 καὶ
628 3367 814 3454 οἶβον
859 3373 1119 3437 τουτονὶ
1165 3373 1277 3437 καὶ
1324 3369 1648 3455 λωγάνιον
1691 3372 1801 3436 καὶ
1860 3373 1979 3436 τοῦ
2027 3368 2188 3453 βοὸς
2232 3370 2307 3437 τὸ

193 3473 599 3556 πολύπτυχον
660 3472 930 3557 ε’γκατον
988 3476 1098 3540 καὶ
1156 3472 1446 3594 φώκτας.
1535 3457 1628 3537 Ev
1683 3495 1787 3557 γε,
1846 3497 1898 3536 ω
1947 3464 2312 3552 Ἀττικίων,

104 3668 281 3757 πιός,
322 3678 559 3758 σίλλος,
605 3702 657 3742 ω
689 3676 1005 3756 δέσποτα,
1036 3680 1387 3763 γεγένημαι
1419 3675 1493 3741 σὲ
1522 3678 1876 3759 περιορῶν.
1966 3674 2045 3742 σύ
2078 3677 2149 3742 δὲ
2177 3680 2315 3743 ποῦ

196 3779 342 3858 χθὲς
384 3778 746 3859 ἐδείπνεις,·
786 3780 928 3861 μῶν
974 3776 1161 3861 παρὰ
1200 3771 1696 3863 Ὀνομακρίτῳς
1749 3772 1864 3858 Ου,
1908 3776 2003 3860 μὰ
2046 3772 2188 3857 Δί’,
2233 3803 2313 3866 ην

204 3876 258 3942 δ
306 3879 441 3964 ἐγώ,
488 3873 637 3946 ἀλλ’
693 3872 969 3965 ἇγρόνδε
1022 3872 1283 3967 ᾠχόμην
1339 3877 1564 3964 ψύττα
1623 3883 2041 3955 κατατείνας·
2103 3874 2313 3944 οἶσθα

206 3980 266 4047 δὲ
305 3979 390 4060 ὥς
431 3980 758 4071 φίλαγρός
805 3980 964 4063 εἰμι.
1051 3977 1240 4066 ὑμεῖς
1285 3981 1356 4046 δὲ
1400 3980 1568 4057 ἰ’σως
1613 3975 1838 4067 ᾤεσθέ
1879 4005 1964 4062 με
2008 3980 2314 4064 λαταγεῖν
