2800 4500
517 264 596 323 46
1405 268 1778 322 AOYMANOY
2739 318 2742 377 1,

516 435 783 503 ἐκείνων
824 438 1190 505 κατέδυσαν
1248 442 1439 528 νῆσοι
1498 432 1613 505 ούκ
1671 438 1985 516 ἐλάττους
2043 441 2177 504 τῶν
2233 429 2635 524 ὀγδοήκοντα.
2739 436 2740 461 ³

513 537 797 627 ἔστησαν
843 541 915 608 δὲ
958 545 1069 609 καὶ
1113 540 1445 628 τρόπαιον
1489 545 1605 629 τῆς
1651 547 2056 630 νησομαχίας
2103 540 2221 608 ἐπὶ
2264 544 2345 628 τῇ
2402 540 2634 626 κεφαλῇ
2739 538 2740 587 3

509 645 629 707 τοῦ
670 641 906 732 κήτους
947 650 1110 727 μίαν
1153 647 1286 709 τῶν
1331 646 1675 727 πολεμίων
1727 643 1942 731 νήσων
2001 641 2636 728 ἀνασταυρώσαντες.

512 741 761 831 ἐκείνην
817 745 937 827 μὲν
995 731 1110 812 οὖν
1173 744 1293 832 τὴν
1359 744 1556 812 νύκτα
1622 748 1778 831 περὶ
1844 744 1919 811 τὸ
1988 747 2234 833 θηρίον
2303 737 2634 831 ηὐλίσαντο

510 843 880 931 ἐξάψαντες
933 840 1135 914 αὐτοῦ
1191 846 1273 913 τὰ
1335 841 1626 934 ἀπόγεια
1681 852 1794 915 καὶ
1851 841 1952 913 ἐπ’
2019 842 2312 934 ἀγκυρῶν
2369 847 2637 933 πλησίον

507 942 981 1033 ὁρμισάμενοι·
1041 954 1154 1017 καὶ
1195 950 1319 1038 γὰρ
1367 944 1680 1036 ἀγκύραις
1727 949 2008 1033 ἐχρῶντο
2052 949 2405 1035 μεγάλαις,
2463 944 2636 1014 ὑαλί-

508 1076 672 1133 ναις,
719 1066 1085 1138 καρτεραῖς.
1172 1056 1255 1140 τῇ
1298 1049 1620 1141 ὑστεραίᾳ
1663 1052 1734 1119 δὲ
1764 1053 2096 1131 θύσαντες
2127 1051 2243 1120 ἐπὶ
2272 1055 2392 1119 τοῦ
2420 1050 2637 1137 κήτους

420 1170 423 1173 “
505 1157 617 1221 καὶ
661 1153 816 1231 τοὺς
861 1154 1144 1233 οἰκείους
1189 1154 1546 1240 θάψαντες
1591 1149 1692 1221 ἐπ’
1745 1149 1947 1222 αὐτοῦ
2007 1151 2352 1222 ἀπέπλεον
2408 1151 2635 1242 ἡδόμε-

506 1280 612 1321 νοι
654 1259 767 1322 καὶ
811 1248 1039 1343 ὥσπερ
1083 1261 1380 1335 παιᾶνας
1425 1254 1716 1346 ᾅδοντες.
1805 1262 2015 1324 ταῦτα
2057 1258 2179 1342 μὲν
2220 1256 2306 1324 τὰ
2334 1254 2500 1323 κατὰ
2529 1254 2635 1342 τὴν

503 1364 911 1447 νησομαχίαν
951 1359 1289 1445 γενόμενα.

1022 1816 1563 1900 ΑΛΗΘΟῩΣ
1603 1817 2117 1899 ΙΣΤΟΡΙΑΣ

1259 1990 1475 2044 ΛΟΓΟΣ
1511 1990 1864 2043 ΔΕΥΤΕΡΟΣ.

419 2194 452 2247 1
668 2184 721 2243 1.
778 2176 868 2244 Τὸ
919 2171 982 2243 δ’
1038 2171 1174 2244 ἀπὸ
1221 2175 1460 2243 τούτου
1505 2181 1736 2266 μηκέτι
1781 2181 2005 2265 φέρων
2059 2175 2181 2263 ἐγώ
2240 2174 2359 2266 τὴν
2418 2174 2486 2242 ἐν
2540 2179 2631 2262 τῷ

486 2280 667 2368 κη’τει
715 2281 982 2348 δίαιταν
1029 2275 1406 2365 ἀχθόμενός
1447 2305 1521 2346 τε
1571 2284 1650 2368 τῇ
1705 2284 1876 2368 μονῇ
1931 2279 2224 2369 μηχανήν
2280 2306 2433 2347 τινα
2491 2278 2631 2365 ἐζή-

486 2408 671 2465 τουν,
742 2377 835 2450 δι’
898 2379 976 2474 ἧς
1034 2374 1113 2450 ἀν
1174 2383 1473 2462 ἐξελθεῖν
1527 2388 1816 2469 γένοιτο·
1885 2387 1997 2450 καὶ
2053 2382 2127 2449 τὸ
2185 2383 2307 2466 μὲν
2364 2386 2629 2469 πρῶτον

486 2484 709 2563 ἔδοξεν
752 2481 910 2574 ἡμῖν
968 2485 1312 2570 διορύξασι
1370 2483 1538 2551 κατὰ
1596 2483 1712 2551 τὸν
1771 2483 1990 2563 δεξιὸν
2049 2497 2268 2567 τοῖχον
2327 2478 2630 2571 ἀποδρᾶ-

487 2606 631 2653 ναι·
740 2592 853 2654 καὶ
921 2582 1279 2672 ἀρξάμενοι
1359 2585 1781 2668 διακόπτειν,
1863 2586 2094 2675 ἐπειδὴ
2177 2587 2630 2673 προελθόντες

482 2688 643 2755 ὅσον
690 2694 890 2755 πέντε
935 2690 1247 2768 σταδίους
1294 2684 1483 2757 οὐδὲν
1535 2683 1847 2776 ἠνύομεν,
1908 2694 2028 2757 τοῦ
2080 2690 2202 2774 μὲν
2259 2684 2630 2777 ὀρύγματος

484 2789 967 2875 ἐπαυσάμεθα,
1028 2792 1143 2878 τὴν
1190 2793 1262 2859 δὲ
1308 2785 1466 2879 ῧλην
1521 2795 1767 2858 καῦσαι
1823 2793 2211 2878 διέγνωμεν·
2272 2785 2446 2858 οῧτω
2501 2792 2627 2879 γὰρ

484 2885 564 2960 ἀν
607 2892 682 2960 τὸ
731 2897 922 2981 κῆτος
969 2888 1377 2961 ἀποθανεῖν·
1428 2894 1487 2960 εἰ
1533 2895 1605 2960 δὲ
1648 2899 1843 2960 τοῦτο
1874 2899 2153 2980 γένοιτο,
2200 2894 2403 2982 ῥᾳδία
2436 2895 2627 2978 ἔμελ-

483 3000 591 3064 λεν
634 2993 790 3086 ἡμῖν
835 2996 1119 3064 ἔσεσθαι
1163 2994 1203 3086 ἡ
1251 2996 1498 3075 ἔξοδος.
1588 2991 1946 3083 ἀρξάμενοι
1990 2983 2107 3063 οὖν
2143 2990 2281 3063 ἀπὸ
2330 3001 2467 3063 τῶν
2511 2993 2626 3064 οὗ·

481 3107 690 3186 ραίων
744 3098 1073 3184 ἐκαίομεν,
1133 3102 1243 3166 καὶ
1299 3095 1551 3186 ἡμέρας
1602 3100 1722 3181 μὲν
1779 3097 1952 3165 ἐπτὰ
2011 3101 2120 3165 καὶ
2178 3099 2334 3177 >ι’σας
2391 3099 2626 3178 νύκτας

481 3196 916 3287 ἀναισθήτως
961 3197 1092 3282 εἶχε
1135 3204 1253 3267 τοῦ
1295 3200 1651 3284 καύματος,
1705 3194 1906 3287 ὀγδόῃ
1955 3200 2027 3266 δὲ
2070 3203 2180 3267 καὶ
2228 3199 2423 3289 ἐνάτῃ
2473 3217 2711 3269 συν-105

481 3312 660 3389 ίεμεν
719 3298 922 3370 αὐτοῦ
989 3307 1373 3380 νοσοῦντος·
1446 3296 1801 3389 ἀργότερον
1864 3306 2021 3388 γοῦν
2088 3296 2438 3385 ἀνέχασκε,
2510 3309 2622 3373 καὶ

480 3409 545 3475 εἴ
586 3432 753 3473 ποτε
799 3400 1134 3489 ἀναχάνοι,
1178 3404 1339 3487 ταχὺ
1388 3409 1684 3489 συνέμυε.
1775 3405 2009 3501 δεκάτῃ
2059 3406 2130 3473 δὲ
2168 3408 2276 3472 καὶ
2311 3405 2622 3496 ἑνδεκάτῃ

474 3510 700 3576 τέλεον
747 3502 1265 3594 ἀπονενεκροῦτο
1312 3510 1421 3574 καὶ
1483 3507 1773 3584 δυσιῖδες
1826 3503 1938 3594 ἠν·
2013 3511 2095 3594 τῇ
2152 3507 2490 3596 δωδεκάτῃ
2551 3511 2624 3577 δὲ

472 3612 671 3697 μόλις
715 3609 1178 3700 ἐνενοήσαμεν,
1237 3605 1361 3690 ὥς,
1423 3609 1482 3675 εἰ
1534 3609 1623 3695 μή
1683 3635 1786 3688 τις
1821 3610 2143 3692 χανόντος
2202 3611 2404 3677 αὐτοῦ
2448 3608 2624 3678 ὕπο-

475 3714 805 3805 στηρίξειε
859 3712 1015 3791 τοὺς
1071 3718 1432 3799 γομφίους,
1496 3704 1669 3779 ὥστε
1718 3717 1949 3801 μηκέτι
2005 3714 2421 3798 συγκλεῖσαι,
2482 3741 2622 3781 κιν-

474 3816 872 3900 δυνεύσομεν
916 3815 1506 3890 κατακλεισθέντες
1565 3812 1632 3880 ἐν
1690 3817 1896 3900 νεκρῷ
1956 3807 2136 3900 αὐτῷ
2195 3808 2622 3882 ἀπολέσθαι·

474 3919 646 3985 οὕτω
694 3917 771 4005 δὴ
817 3915 1138 4001 μεγάλαις
1184 3914 1411 3990 δοκαῑς
1454 3913 1528 3980 τὸ
1580 3914 1798 3999 στόμα
1835 3916 2277 4001 διερείσαντες
2307 3915 2425 4002 τὴν
2457 3920 2622 3983 ναῦν

475 4017 996 4100 ἐπεσκευάζομεν
1042 4015 1218 4102 ὕδωρ
1262 4040 1334 4081 τε
1380 4013 1470 4093 ὡς
1514 4016 1612 4084 ἔνι
1642 4020 1959 4085 πλεῖστον
1992 4016 2479 4103 ἐμβαλλόμενοι
2503 4025 2622 4088 καὶ
