2800 4500
618 259 940 321 QUOMODO
977 258 1276 312 HISTORIA
1315 257 1416 310 Srr
1455 254 1964 311 CONSCRIBENDA.
2240 256 2362 316 309

198 455 246 497 c.
276 441 379 497 44.
412 441 522 497 καὶ
573 431 701 516 μὴν
746 440 853 497 καὶ
911 430 1177 514 σχήμασι
1221 427 1645 512 κεκοσμήσθω
1690 430 2072 512 ἀνεπαχθέσι
2127 439 2234 497 καὶ
2290 430 2367 497 τὸ

416 532 918 617 ἀνεπιτήδευτον
961 531 1237 611 μάλιστα
1282 535 1571 614 ἔχουσιν·
1630 536 1761 597 ἐπεὶ
1805 550 1982 611 τοῖς
2027 533 2367 615 ἀρτυμέ-

418 663 593 715 νοις
661 646 797 702 τῶν
864 644 1101 717 ζωμῶν
1168 633 1460 713 ἐοικότας
1528 635 1973 714 ἀποφαίνει
2044 633 2198 712 τοὺς
2262 634 2369 701 λό-

418 765 578 820 γους
605 737 626 823 ΙΙ
655 741 788 804 ἐπεὶ
832 754 973 816 τοῖς
1001 737 1098 816 μὴ
1129 742 1771 821 κατηρτυμένοις
1815 747 1949 802 τῶν
1983 744 2217 818 ζωμῶν
2250 741 2369 803 εὀι-

420 838 616 919 κότας
663 840 1084 920 ἀποφανεῖ
1122 840 1278 918 τοὺς
1320 838 1560 921 λόγους
1604 841 1766 903 det.

416 1022 421 1025 ,
596 945 877 1006 Codicum
934 963 1193 1006 summus
1238 947 1493 1005 omnium
1552 962 1906 1023 consensus,
1963 945 2368 1020 interpretatio

422 1048 545 1106 alia
602 1048 851 1107 aliorum
903 1047 1319 1111 diversissima.
1406 1046 1637 1107 Gesner
1690 1048 1896 1107 vertit:
1952 1047 2138 1124 „quin
2197 1047 2371 1105 etiam

421 1148 632 1225 figuris
679 1153 965 1210 exornata
1010 1154 1135 1210 esto
1150 1194 1167 1228 ‚
1228 1167 1423 1225 neque
1466 1153 1664 1209 tamen
1706 1150 2056 1225 importunis
2114 1148 2371 1223 exquisi-

420 1253 609 1329 tisve‚
674 1254 953 1329 quippe
1012 1254 1363 1328 alioquin
1422 1251 1606 1312 offis
1662 1270 1797 1328 per
1839 1254 2069 1311 nimia
2111 1250 2369 1312 condi-

423 1358 671 1414 menta
716 1356 1101 1431 corruptis
1144 1356 1470 1414 similem
1528 1355 1953 1414 orationem
1999 1350 2372 1414 efficiet.“

423 1457 614 1516 Recte
657 1456 763 1516 ille
821 1458 991 1519 ἐπεὶ
1050 1456 1194 1518 dicit
1254 1475 1385 1518 esse
1435 1457 1551 1517 hoc
1600 1457 1734 1517 loco
1780 1458 2153 1533 alioquin,
2210 1457 2375 1515 recte

421 1556 685 1618 futurum
750 1577 861 1635 pro
925 1561 1227 1635 praesenti
1290 1560 1692 1620 necessarium
1755 1576 1887 1619 esse
1953 1558 2200 1637 iudicat,
2266 1556 2378 1616 sed

425 1662 637 1720 mirum
685 1665 965 1736 quantum
1011 1681 1047 1721 a
1089 1678 1268 1722 sensu
1312 1662 1629 1722 verborum
1682 1675 1819 1737 τοῖς
1873 1661 2377 1740 κατηρτυμένοις

424 1769 562 1824 τῶν
609 1769 849 1841 ζωμῶν
894 1763 1148 1824 aberrat.
1232 1764 1413 1823 Nullo
1473 1766 1625 1824 enim
1675 1763 1848 1824 modo
1894 1763 2377 1843 κατηρτυμένον

425 1868 628 1940 potest
654 1864 994 1941 significare
1024 1863 1509 1944 ‚,corruptum“
1541 1865 1782 1943 aliquid,
1826 1867 2001 1925 immo
2034 1869 2125 1924 est
2154 1862 2380 1938 aliquid

426 1966 587 2026 bene
618 1969 879 2046 mixtum,
912 1971 1319 2046 temperatum,
1365 1968 1621 2042 denique
1650 1966 1978 2044 perfectum
2007 1971 2158 2027 teste
2204 1966 2379 2025 scho-

425 2069 605 2128 liasta
645 2069 927 2131 Philostr.
958 2070 1097 2129 Vita
1124 2070 1399 2146 Apollon.
1447 2089 1505 2130 v.
1541 2073 1638 2130 35.
1702 2071 2183 2149 κατηρτυκὲναι,
2233 2064 2378 2130 ἀντὶ

427 2178 551 2234 τοῦ
566 2174 947 2235 τετελέσθαι.
996 2172 1309 2254 Εἴληπται
1324 2174 1390 2234 δὲ
1415 2168 1543 2235 ἀπὸ
1567 2177 1700 2234 τῶν
1728 2167 1939 2250 ὄψων,
1966 2165 2006 2233 ἃ
2030 2167 2106 2232 τὸ
2129 2176 2378 2232 τελεῖον

429 2271 911 2353 ἀπολαμβάνει,
969 2272 1244 2355 ὁπηνίκα
1288 2288 1430 2350 ταῖς
1473 2272 1802 2355 ἀρτυσίαις
1854 2272 2191 2351 ἀναμιχθῇ.
2271 2270 2384 2329 Est

433 2377 617 2452 igitur
660 2374 817 2436 falsa
857 2376 1109 2437 Gesneri
1150 2378 1577 2455 interpretati0‚
1619 2376 1729 2437 sed
1769 2380 1968 2436 tamen
2011 2376 2198 2435 sensit
2241 2371 2383 2449 quid

433 2478 756 2538 dicendum
799 2479 991 2540 fuerit.

606 2566 803 2640 Aliter
842 2579 1133 2640 Graevius
1177 2582 1271 2660 „si
1315 2580 1551 2655 quidem
1595 2598 1761 2639 suam
1805 2582 2129 2640 orationem
2173 2575 2387 2641 reddet

434 2682 691 2742 similem
744 2683 859 2741 iuri
914 2683 1068 2742 bene
1114 2679 1408 2742 condit0.“
1495 2683 1664 2742 Ferri
1720 2681 1834 2742 hoc
1885 2686 2113 2759 potest,
2170 2682 2280 2742 sed
2321 2687 2387 2741 ut

438 2782 697 2842 addatur
751 2783 910 2859 quod
967 2784 1179 2844 abesse
1221 2785 1323 2842 vix
1377 2787 1574 2859 potest
1616 2780 2046 2860 τοιούτοις
2091 2780 2386 2864 (σχήμασι

439 2935 451 2948 .
488 2934 502 2948 .
540 2881 986 2963 ἀνεπαχθέσι);
1031 2889 1125 2965 „si
1156 2885 1389 2961 quidem
1419 2886 1709 2946 talibus
1740 2886 1951 2947 reddet
1978 2889 2227 2948 similem
2257 2905 2387 2947 ora-

438 2988 662 3047 tionem
705 3005 874 3046 suam
914 2989 1027 3046 iuri
1069 2988 1221 3047 bene
1266 2985 1562 3048 condito“.

615 3088 804 3150 Simili
849 3089 1021 3150 modo
1075 3093 1233 3149 errat
1278 3088 1342 3150 C.
1389 3090 1458 3149 F.
1502 3090 1908 3149 Hel-mannus:
1969 3088 2168 3169 „Quin
2213 3093 2390 3151 etiam

441 3189 649 3267 figuris
710 3194 918 3251 ornata
959 3193 1037 3251 sit
1078 3192 1347 3251 iucundis
1392 3194 1569 3266 atque
1612 3192 1995 3269 inaffectatis,
2048 3193 2187 3254 hae
2235 3196 2390 3253 enim

438 3294 554 3352 iuri
598 3293 753 3352 bene
800 3292 1033 3353 condito
1078 3294 1298 3352 similes
1343 3294 1636 3353 orationes
1683 3292 2005 3373 efficient“‚
2063 3314 2200 3355 nam
2243 3297 2393 3356 illud

441 3393 625 3473 ‚hae‘
671 3413 791 3454 non
837 3399 928 3455 est
970 3394 1129 3471 apud
1172 3395 1515 3455 Lucianum.

614 3498 950 3557 Peccarunt
977 3498 1269 3576 plerique,
1316 3497 1476 3572 quod
1508 3515 1717 3573 parum
1747 3497 2042 3579 viderunt,
2091 3504 2192 3578 qui
2237 3506 2398 3563 esset

442 3599 558 3660 hoc
600 3600 737 3661 loco
780 3598 989 3659 sensus
1035 3604 1212 3674 atque
1254 3617 1396 3659 usus
1439 3601 1769 3675 particulae
1815 3601 1967 3680 ἐπεὶ,
2016 3622 2170 3679 quae
2214 3606 2395 3681 signi·

442 3701 584 3762 ficat
639 3703 1071 3781 „alioqui‚
1139 3704 1210 3762 si
1268 3701 1586 3761 minus“
1635 3707 1695 3763 et
1739 3708 1999 3765 construi
2054 3708 2211 3768 solet
2265 3726 2396 3768 cum

443 3803 661 3864 futuro,
752 3805 860 3864 Est
901 3806 1080 3881 igitur
1123 3805 1291 3866 ἐπεὶ
1479 3801 1894 3882 ἀποφανεῖ
1936 3811 2278 3887 „alioqui
2322 3814 2398 3887 (si

444 3924 589 3965 non
647 3907 828 3966 utitur
881 3905 1107 3983 figuris)
1150 3905 1361 3967 reddet
1418 3909 1740 3967 orationem
1785 3912 2035 3972 similem
2086 3914 2200 3973 iuri
2242 3915 2398 3975 bene

447 4009 719 4088 condito,
764 4009 863 4068 vel
907 4010 1157 4087 rectius,
1203 4010 1350 4068 iuri
1392 4009 1585 4072 bene
1631 4014 1894 4093 mixto,
1940 4018 2398 4098 temperato,
