2800 4500
449 249 530 307 48
1341 251 1711 306 ΔΟΥΚΙΑΝΟΥ

453 415 934 505 ἆπεθλίβομεν.
1029 420 1203 506 ἱερὸν
1264 422 1334 488 δὲ
1394 421 1463 487 ἐν
1518 428 1686 510 μέσῃ
1748 426 1830 510 τῇ
1891 422 2067 511 νήσῳ
2130 418 2626 510 ἀνῳκοδόμητο

456 525 826 601 Γαλατείας
902 528 1018 611 τῆς
1094 524 1465 611 Νηρηίηδος
1548 521 1640 602 ῶς
1720 523 1954 612 ἐδήλου
2030 524 2105 591 τὸ
2192 524 2624 611 ἐπίγραμμα-

455 618 613 692 όσον
659 620 721 692 δ
777 623 890 693 οὖν
943 626 1179 712 χρόνον
1238 625 1372 693 ἐκεῖ
1427 626 1805 711 ἐμείναμεν,
1864 623 2042 712 όψον
2095 628 2217 711 μὲν
2274 624 2434 715 ἡμῖν
2494 629 2621 693 καὶ

451 734 665 795 σιτίον
709 724 748 817 ἡ
795 732 876 815 γῆ
927 724 1210 816 ὑπῆρχε,
1272 728 1485 795 ποτὸν
1545 730 1617 795 δὲ
1672 728 1747 795 τὸ
1807 729 1978 815 γάλα
2034 728 2109 795 τὸ
2173 728 2240 796 ἐκ
2294 733 2428 795 τῶν
2483 735 2623 813 βο-

449 830 686 916 τρύων.
772 830 1152 915 βασιλεύειν
1200 831 1272 897 δὲ
1314 835 1446 898 τῶν
1490 838 1752 918 χωρίων
1796 832 2048 898 τούτων
2103 830 2360 917 ἐλέγετο
2413 840 2476 897 Τ
2469 857 2624 918 υρω
2647 843 2738 894 10¹1

448 930 486 1018 ἦ
557 935 1000 1018 Σαλμωνέως,
1078 932 1244 1017 μετὰ
1319 933 1440 1021 τὴν
1516 933 1827 1001 ἐντεῦθεν
1893 928 2287 1022 ἀπαλλαγὴν
2356 934 2621 1022 ταύτην

400 1035 637 1120 4παρὰ
683 1039 800 1102 τοῦ
846 1037 1274 1113 Ποσειδῶνος
1319 1037 1618 1121 λαβοῦσα
1671 1037 1788 1123 τὴν
1844 1036 2062 1122 τιμήν.
2152 1045 2209 1103 4.
2257 1042 2621 1121 μείναντες

452 1138 523 1204 δὲ
568 1135 820 1226 ἡμέρας
865 1138 934 1205 ἐν
978 1143 1059 1226 τῇ
1105 1138 1284 1227 νήσῳ
1330 1144 1534 1205 πέντε
1580 1143 1658 1227 τῇ
1712 1139 1858 1227 ἕκτῃ
1919 1138 2420 1227 ἐξωρμήσαμεν,
2485 1134 2616 1206 αύ-

451 1265 573 1324 ρας
616 1246 737 1323 μέν
780 1266 961 1319 τινος
1006 1241 1618 1329 παραπεμπούσης,
1668 1243 2091 1325 λειοκύμονος
2137 1242 2208 1307 δὲ
2256 1237 2456 1329 οἰὲσης
2486 1245 2618 1330 τῆς

451 1342 831 1430 θαλάττης·
888 1348 970 1431 τῇ
1015 1338 1215 1432 ὀγδόῃ
1264 1345 1335 1410 δὲ
1378 1342 1596 1433 ἡμέρᾳ
1653 1346 1972 1423 πλέοντες
2032 1339 2251 1411 οὐκέτι
2310 1343 2423 1412 διὰ
2482 1347 2616 1412 τοῦ

452 1442 804 1529 γάλακτος,
864 1440 1015 1512 ἀλλ>
1078 1443 1203 1534 ἤδη
1252 1446 1318 1514 ἐν
1366 1446 1640 1534 ἁλμυρῷ
1683 1450 1790 1514 καὶ
1837 1451 2056 1533 κυανῷ
2102 1447 2326 1528 ὕδατι,
2385 1453 2614 1514 καθο-

453 1549 669 1631 ρῶμεν
733 1542 1143 1634 ἀνθρώπους
1194 1549 1489 1628 πολλοὺς
1547 1549 1661 1618 ἐπὶ
1716 1554 1837 1617 τοῦ
1895 1550 2224 1636 πελάγους
2282 1549 2615 1617 διαθέον-

453 1672 590 1728 τας,
640 1641 909 1718 ὂὶπαντα
955 1648 1111 1740 ἡμῖν
1140 1653 1628 1740 προσεοικότας
1657 1656 1767 1720 καὶ
1797 1652 1880 1718 τὰ
1914 1653 2194 1737 σώματα
2222 1655 2332 1719 καὶ
2365 1651 2451 1718 τὰ
2484 1677 2613 1737 με-

450 1756 640 1840 γέθη,
687 1751 863 1839 πλὴν
907 1758 1041 1820 τῶν
1086 1755 1317 1821 ποδῶν
1361 1755 1616 1838 μόνων·
1662 1759 1873 1821 ταῦτα
1917 1754 2043 1841 γὰρ
2084 1757 2367 1843 φέλλινα
2400 1751 2610 1838 εἶχον·

456 1848 587 1941 ἀφ’
641 1848 717 1921 οὗ
765 1854 841 1943 δὴ
893 1853 1083 1941 οἶμαι
1126 1861 1235 1925 καὶ
1286 1856 1636 1924 ἐκαλοῦντο
1678 1856 2126 1935 Φελλόποδες.
2217 1855 2614 1940 ἐθαυμάζο-

454 1981 574 2038 μεν
623 1945 734 2024 οὖν
782 1958 1034 2037 ἰδόντες
1082 1953 1155 2025 οὗ
1200 1959 1752 2044 βαπτιζομένους,
1802 1953 1948 2024 ἀλλ’
1992 1956 2437 2043 ὑπερέχοντας
2466 1959 2613 2022 τῶν

454 2059 760 2139 κυμάτων
803 2064 915 2128 καὶ
965 2055 1177 2139 άδεῶς
1221 2057 1768 2146 ὁδοιποροῦντας.
1860 2061 1924 2127 οἱ
1971 2060 2041 2126 δὲ
2069 2064 2183 2128 καὶ
2214 2059 2610 2147 προσῄεσαν

454 2163 566 2227 καὶ
608 2155 986 2249 ἠσπάζοντο
1031 2160 1206 2254 ἡμᾶς
1243 2163 1577 2252 Ἑλληνικῇ
1623 2166 1812 2252 φωνῇ
1858 2162 2079 2250 ε’λεγόν
2122 2187 2194 2228 τε
2246 2160 2313 2240 ἐς
2362 2159 2607 2228 Φελλώ

454 2288 572 2351 την
620 2260 834 2333 αυτῶν
880 2266 1177 2349 πατρίδα
1223 2264 1650 2351 ἐπείγεσθαι’
1698 2270 1888 2350 μέχρι
1923 2266 2043 2349 μὲν
2075 2290 2187 2333 ουν
2217 2289 2400 2342 τινος
2447 2286 2609 2330 συν-

458 2366 959 2454 ωδοιπόρουνὴ
921 2381 1075 2452 ημῖν
1119 2373 1620 2454 παραθέοντες,
1680 2364 1824 2434 εἶτα
1872 2362 2427 2453 αποτραπόμενοι
2485 2373 2610 2456 τῆς

456 2466 614 2537 ὁδοῦ
663 2469 967 2555 ἐβάδιζον
1028 2466 1348 2537 ευπλοιαν
1405 2466 1560 2557 ἡμῖν
1618 2468 2075 2553 ἐπευξάμενοι.
2164 2495 2283 2554 μετ
2375 2467 2609 2557 ὀλίγον

457 2573 529 2639 δὲ
574 2575 821 2640 πολλαὶ
870 2577 1059 2661 νῆσοι
1105 2572 1480 2661 ἐφαίνοντο,
1535 2574 1823 2660 πλησίον
1867 2573 1986 2655 μὲν
2032 2572 2105 2651 ἐξ
2145 2566 2518 2660 ἀριστερῶν
2561 2569 2603 2661 ἡ

460 2674 726 2756 Φελλώ,
783 2675 878 2753 εἷς
922 2675 1001 2765 ἢν
1047 2674 1285 2742 ἐκεῖνοι
1331 2674 1689 2755 ἔσπευδον,
1751 2674 1950 2753 πόλις
1996 2674 2111 2742 ἐπὶ
2156 2675 2446 2761 μεγάλου
2490 2679 2607 2742 καὶ

458 2777 853 2865 στρογγύλου
902 2779 1149 2866 φελλοῦ
1192 2782 1697 2864 κατοικουμένη·
1747 2777 2110 2865 πόρρωθεν
2157 2777 2228 2844 δὲ
2272 2780 2381 2844 καὶ
2431 2779 2610 2861 μᾶλ-

459 2883 572 2945 λον
626 2879 692 2947 ἐν
751 2881 936 2968 δεξιᾷ
992 2884 1193 2945 πέντε
1248 2884 1554 2965 μέγισται
1612 2882 1723 2945 καὶ
1781 2876 2234 2967 ὑψηλόταται,
2292 2882 2404 2946 καὶ
2467 2881 2610 2963 πῦρ

407 2979 631 3048 ὅπολύ
681 2977 804 3048 ἀπ’
859 2977 1076 3048 αὐτῶν
1123 2976 1484 3048 ἀνεκαίετο.
1576 2988 1634 3047 5.
1679 2980 1848 3048 κατὰ
1895 2982 1967 3048 δὲ
2009 2982 2128 3070 τὴν
2166 2986 2449 3068 πρῴραν
2478 2990 2611 3066 μία

460 3088 750 3151 πλατεῖα
806 3087 915 3150 καὶ
978 3084 1297 3172 ταπεινή,
1360 3084 1674 3162 σταδίους
1734 3082 2061 3166 ἐπέχουσα
2120 3079 2232 3150 οὐκ
2292 3082 2614 3161 ἐλάττους

458 3193 936 3254 πεντακοσίων.
1024 3182 1146 3276 ἤδη
1196 3187 1266 3251 δὲ
1311 3187 1598 3274 πλησίον
1643 3211 1717 3253 τε
1760 3172 1923 3274 ἦμεν
1965 3190 2077 3254 καὶ
2112 3186 2473 3274 θαυμαστή
2504 3211 2614 3264 τις

460 3284 628 3375 αὔρα
673 3294 1150 3375 περιέπνευσεν
1193 3284 1397 3378 ἡμᾶς,
1459 3284 1648 3375 ἡδεῖα
1692 3291 1800 3355 καὶ
1863 3283 2140 3377 εὐώδης,
2201 3289 2351 3355 οἵαν
2398 3293 2612 3377 φησὶν

458 3388 491 3457 ὁ
556 3390 966 3478 συγγραφεὺς
1016 3388 1373 3473 Ἡρόδοτος
1439 3386 1714 3471 ἀπόζειν
1769 3394 1886 3479 τῆς
1956 3386 2349 3475 εὐδαίμονος
2397 3385 2612 3479 Ἀρα-

456 3500 630 3578 βίας.
723 3493 864 3560 οἷον
906 3492 1032 3580 γὰρ
1081 3488 1217 3560 άπὸ
1267 3494 1483 3581 ῥόδων
1527 3496 1637 3560 καὶ
1684 3500 2055 3577 ναρκίσσων
2099 3498 2208 3562 καὶ
2259 3491 2613 3564 ὑακίνθων
2633 3519 2723 3571 1oe

458 3597 566 3660 καὶ
612 3604 851 3684 κρίνων
894 3600 1002 3664 καὶ
1049 3596 1191 3677 ἰ’ων,
1239 3597 1337 3664 ἔτι
1384 3598 1456 3663 δὲ
1499 3602 1816 3683 μυρρίνης
1857 3599 1966 3663 καὶ
2015 3596 2272 3686 δάφνης
2314 3604 2428 3668 καὶ
2476 3594 2608 3685 ἆμ·
2773 3627 2774 3700 χ

460 3702 825 3790 πελάνθης,
872 3704 1180 3768 τοιοῦτον
1223 3697 1380 3787 ἡμῖν
1426 3698 1499 3766 τὸ
1546 3696 1668 3786 ἡδὺ
1715 3701 2190 3788 προσέβαλλεν.
2279 3698 2613 3790 ἡσθέντες

463 3807 534 3871 δὲ
577 3809 659 3894 τῇ
704 3799 880 3892 όσμῇ
923 3807 1033 3871 καὶ
1074 3802 1325 3893 χρηστὰ
1375 3801 1443 3869 ἐκ
1472 3805 1741 3888 μακρῶν
1771 3797 1997 3869 πόνων
2028 3802 2427 3883 ἐλπίσαντες
2457 3799 2604 3872 κατ’
2771 3823 2772 3840 ’

461 3902 686 3993 ὀλίγον
729 3902 853 3995 ἤδη
902 3910 1190 3994 πλησίον
1233 3909 1351 3992 τῆς
1398 3905 1596 3994 νήσου
1639 3903 2059 3989 ἐγιγνόμεθα·
2148 3905 2321 3973 ἔνθα
2368 3905 2450 3997 δὴ
2497 3911 2612 3976 καὶ

459 4013 908 4096 καθεωρῶμεν
955 4012 1226 4093 λιμένας
1271 4031 1342 4072 τε
1386 4005 1679 4085 πολλοὺς
1737 4009 1896 4094 περὶ
1951 4010 2181 4075 πᾶσαν
2240 4001 2616 4090 ἀκλύστους
2769 4091 2770 4114 ¹

2769 4129 2770 4178 l
