2800 4500
951 244 1269 301 ΑΛΗΘΟΥΣ,
1288 243 1585 297 ΙΣΤΟΡΙΑΣ
1611 245 1666 298 Β.
2306 245 2385 301 55

222 413 462 490 ξαντες
505 412 591 478 τὰ
642 411 851 497 δεσμά
898 416 1010 480 καὶ
1054 416 1171 502 τῆς
1230 417 1528 499 φρουρᾶς
1587 413 2148 501 ἐπικρατήσαντες
2194 413 2388 481 ἐλαύ-

226 541 366 582 νειν
413 514 532 582 έπὶ
577 514 698 605 τὴν
745 519 975 603 νῆσον·
1036 511 1356 601 ἡγεῖσθαι
1405 516 1474 582 δὲ
1520 510 1739 583 αὐτῶν
1791 516 2094 601 Φάλαρίν
2151 541 2225 583 τε
2268 519 2385 585 τὸν

217 611 745 704 Ἀκραγαντῖνον
789 621 901 684 καὶ
946 619 1265 704 Βούσιριν
1309 616 1426 684 τὸν
1465 619 1851 704 Αἰγύπτιον
1895 622 2004 685 καὶ
2034 621 2384 709 Διομήδην

114 720 345 787 121τόν
395 725 627 810 Θρᾷκα
684 724 794 787 καὶ
851 719 1008 798 τοὺς
1065 723 1222 803 περὶ
1269 727 1605 807 Σκείρωνα
1661 725 1770 788 καὶ
1830 722 2382 810 Πιτυοκάμπτην.

227 819 325 900 ῶς
357 825 428 888 δὲ
471 827 682 889 ταῦτα
725 820 1003 913 ἤκουσεν
1035 819 1068 889 ὅ
1098 819 1579 905 Ῥαδάμανθυς,
1626 823 1921 891 έκτάττει
1964 824 2120 902 τοὺς
2163 819 2388 914 ἥρωας

225 925 350 992 ἐπὶ
409 931 526 1015 τῆς
584 922 843 1012 ἠϊόνος·
901 922 1124 1012 ἡγεῖτο
1173 926 1244 992 δὲ
1295 925 1553 1013 Θησεύς
1606 951 1679 992 τε
1729 931 1839 994 καὶ
1879 920 2219 1010 Ἀχιλλεὺς
2274 932 2381 995 καὶ

223 1030 423 1107 Αἴας
490 1027 522 1096 ὃ
604 1030 1031 1112 Τελαμώνιος
1095 1025 1216 1117 ἤδη
1291 1033 1693 1117 σωφρονῶν·
1768 1034 1880 1099 καὶ
1945 1031 2387 1114 συμμίξαντες

228 1132 556 1215 ἐμάχοντο
618 1136 726 1199 καὶ
788 1130 1094 1220 ἐνίκησαν
1154 1131 1217 1197 οἱ
1276 1124 1489 1214 ἥρωες
1539 1125 1899 1214 Ἀχιλλέως
1955 1131 2038 1199 τά
2099 1135 2384 1200 πλεῖστα

225 1234 809 1318 κατορθώσαντος.
886 1228 1235 1320 ἠρίστευσε
1267 1233 1338 1299 δὲ
1368 1235 1480 1299 καὶ
1513 1234 1869 1322 Σωκράτης
1914 1233 2027 1301 ἐπὶ
2059 1238 2155 1320 τῷ
2189 1235 2384 1321 δεξιῷ

224 1341 512 1419 ταχθεὶς
543 1336 717 1402 πολὺ
750 1337 1006 1420 μᾶλλον
1036 1327 1077 1424 ἢ
1110 1329 1221 1402 ὅτε
1253 1334 1379 1415 ζῶν
1405 1335 1520 1404 ἐπὶ
1543 1339 1776 1424 Δηλίῳ
1811 1336 2107 1419 ἐμάχετο.
2170 1362 2384 1424 προσ-

228 1440 472 1506 ιόντων
528 1438 654 1524 γάρ
713 1443 843 1505 τῶν
901 1441 1248 1520 πολεμίων
1307 1432 1423 1504 οὐκ
1480 1438 1680 1525 ἔφυγε
1730 1443 1842 1505 καὶ
1888 1438 1963 1506 τὸ
2012 1439 2384 1524 πρόσωπον

228 1537 567 1626 ἄτρεπτος
597 1526 708 1630 ἦν·
758 1534 869 1628 ἐφ’
911 1539 1013 1618 οἷς
1043 1542 1152 1605 καὶ
1186 1533 1458 1626 ὕστερον
1494 1539 1776 1629 ἐξῃρέθη
1813 1535 1992 1626 αὐτῷ
2024 1535 2383 1625 ἀριστεῖον,

224 1643 431 1721 καλός
459 1667 534 1708 τε
563 1646 676 1708 καὶ
720 1647 1031 1726 μέγιστος
1077 1641 1495 1726 παράδεισος
1528 1640 1594 1706 έν
1627 1646 1720 1727 τῳ
1758 1648 2163 1729 προαστείῳ,
2213 1642 2385 1710 ἔνθα

226 1748 336 1810 καὶ
408 1747 748 1830 συγκαλῶν
820 1742 978 1820 τοὺς
1044 1743 1346 1828 ἑταίρους
1423 1744 1751 1828 διελέγετο
1821 1746 2380 1833 Νεκρακαδημίαν

110 1847 339 1914 122τὸν
405 1847 620 1914 τόπον
690 1846 1258 1932 προσαγορεύσας.
1360 1850 1464 1912 24.
1534 1846 1974 1930 συλλαβόντες
2042 1833 2155 1914 οὖν
2221 1848 2464 1926 'coi-924

223 1955 688 2036 νενικημένους
731 1952 839 2014 καὶ
889 1948 1208 2035 δήσαντες
1257 1934 1462 2025 αὖθις
1516 1942 1937 2033 ἀπέπεμψαν
1984 1949 2083 2017 ἔτι
2125 1953 2382 2034 μᾶλλον

220 2056 876 2140 κολασθησομένους.
952 2051 1203 2137 ἔγραψε
1234 2050 1448 2116 δὲκαὶ
1492 2051 1736 2138 ταύτην
1782 2050 1900 2140 τὴν
1943 2045 2384 2140 μάχην(Όμη-

222 2181 340 2277 ρος
383 2160 499 2222 καὶ
546 2149 823 2221 ἀπιόντι
869 2179 985 2237 μοι
1034 2153 1236 2220 ε’δωκε
1280 2151 1363 2218 τά
1403 2155 1635 2237 βιβλία
1679 2153 1971 2236 κομίζειν
2017 2168 2161 2231 τοῖς
2207 2149 2375 2240 παρ’·

218 2256 382 2347 ημῖν
429 2255 857 2339 ἀνθρώποις·
919 2249 1064 2321 ἀλλ’
1117 2256 1391 2341 υστερον
1447 2258 1558 2321 καὶ
1611 2259 1823 2322 ταῦτα
1866 2256 2034 2339 μετὰ
2081 2260 2215 2322 τῶν
2262 2255 2382 2323 άλ-

217 2365 353 2427 λων
403 2355 871 2442 ἀπωλέσαμεν.
961 2385 1041 2443 ην
1087 2358 1158 2423 δὲ
1204 2354 1241 2446 ἡ
1293 2353 1454 2445 ἀρχὴ
1503 2363 1621 2424 τοῦ
1668 2384 2048 2482 ποιηματος
2094 2351 2277 2447 αύτη,

372 2467 483 2530 νῦν
531 2464 604 2529 δέ
647 2488 766 2546 μοι
812 2461 1062 2541 ε’ννεπε,
1109 2465 1382 2541 Μοῦσα,
1429 2461 1642 2548 μάχην
1689 2462 1931 2528 νεκύων
1974 2458 2228 2550 ἡρώων.

216 2567 373 2634 τότε
423 2560 489 2632 δ’
545 2552 660 2632 οὖν
706 2564 994 2648 κυάμους
1039 2561 1446 2649 εψήσαντες,
1495 2561 1723 2648 ὥσπερ
1771 2557 1938 2646 παρ>
1994 2558 2223 2642 αὐτοῖς
2269 2564 2380 2630 νό-

216 2695 347 2753 μος
407 2666 685 2735 ἐπειδὰν
742 2666 861 2734 τὸν
916 2666 1216 2749 πόλεμον
1274 2665 1835 2784 κατορθώσωσιν,
1898 2667 2243 2733 εἱστιῶντο
2296 2666 2379 2732 τὰ

218 2771 527 2838 επινίκια
583 2772 693 2836 καὶ
752 2767 985 2858 εορτὴν
1043 2761 1333 2854 μεγάλην
1393 2753 1587 2853 ἦγον·
1647 2767 1852 2851 μόνος
1899 2768 1969 2833 δὲ
2014 2768 2257 2856 ταύτης
2304 2761 2377 2833 οὗ

216 2886 482 2956 μετεῖχε
533 2871 980 2956 Πυθαγόρας,
1043 2864 1194 2935 ἀλλ’
1263 2893 1499 2947 ασιτος
1557 2869 1790 2954 πόρρω
1850 2868 2199 2949 ἐκαθέζετο
2258 2897 2380 2954 μυ-

216 2974 634 3058 σαττόμενος
678 2973 794 3060 τὴν
838 2979 1330 3060 κυαμοφαγίαν.

395 3082 499 3143 25.
546 3071 723 3163 ”Ηδη
774 3076 843 3141 δὲ
888 3078 1111 3163 μηνῶν
1156 3074 1229 3153 ἓξ
1273 3074 1769 3162 διεληλυθότων
1827 3076 1986 3158 περὶ
2042 3077 2460 3156 μεσοῦντα2ὃ

198 3177 340 3246 ’τὸν
392 3178 677 3263 ἕβδομον
721 3178 1009 3261 νεώτερα
1056 3183 1415 3243 συνίστατο
1460 3176 1855 3302 πράγματα·
1917 3176 2211 3260 Κινύρας
2252 3174 2378 3260 γὰρ

218 3310 252 3350 ο
307 3286 426 3348 τοῦ
473 3280 855 3402 ...κινθάρου
915 3294 1080 3357 παῖς
1135 3284 1342 3364 μέγας
1385 3303 1456 3344 τε
1505 3269 1597 3344 ὧν
1641 3281 1754 3344 καὶ
1798 3275 2067 3354 καλός>
2041 3273 2169 3365 η’ρα
2210 3276 2378 3399 [έπςὶ]

218 3384 441 3451 πολὺν
487 3380 611 3471 ἤδη
642 3383 880 3467 χρόνον
926 3386 1043 3470 τῆς
1084 3378 1357 3468 Ελένης,
1405 3385 1516 3448 καὶ
1563 3374 1725 3469 αύτη
1758 3380 1830 3445 δὲ
1861 3373 1977 3445 ούκ
2008 3373 2272 3467 ἀφανὴς
2301 3365 2379 3465 ἦν

222 3487 576 3570 ἐπιμανῶς
637 3480 969 3572 ἀγαπῶσα
1027 3482 1145 3552 τὸν
1204 3491 1582 3551 νεανίσκον·
1654 3482 1981 3560 πολλάκις
2046 3485 2201 3569 γοῦν
2269 3484 2379 3548 καὶ

221 3591 524 3656 διένευον
583 3582 901 3675 ἀλλήλοις
960 3586 1026 3654 έν
1088 3591 1187 3673 τῷ
1247 3594 1605 3672 συμποσίῳ
1662 3589 1771 3651 καὶ
1833 3579 2211 3672 προῦπινον
2267 3587 2379 3650 καὶ

219 3692 421 3775 μόνοι
497 3690 1005 3773 ἐξανιστάμενοι
1080 3690 1467 3756 ἐπλανῶντο
1544 3691 1702 3773 περὶ
1780 3687 1899 3775 τὴν
1977 3679 2156 3775 ῧλην.
2267 3690 2379 3753 καὶ

222 3793 305 3882 δή
351 3819 523 3861 ποτε
580 3787 703 3859 ὑπ’
772 3793 1015 3877 ε’ρωτος
1074 3787 1447 3878 ἀμηχανίας
1504 3789 1941 3873 ἐβουλεύσατο
2002 3785 2035 3854 ὁ
2086 3787 2380 3871 Κινύρας

116 3915 203 3965 123
223 3892 544 3982 ἁρπάσας
598 3893 720 3979 τὴν
760 3890 1025 3982 Ἑλένην
1084 3908 1335 3982 φυγεῖν.
1428 3892 1641 3960 ἐδόκει
1694 3891 1766 3957 δὲ
1821 3884 2084 3975 κάκείνῃ
2144 3892 2378 3968 ταῦτα,

223 3997 542 4081 οίχεσθαι
590 3991 922 4074 ἀπιόντας
969 3997 1034 4073 ές
1079 4021 1230 4062 τινα
1274 4000 1407 4062 τῶν
1463 3995 1898 4075 ἐπικειμένων
1944 3990 2180 4080 νήσων,
2228 3986 2379 4076 η’τοι
