2800 4500
1046 265 1446 319 ΔΕΞΙΦΑΝΒΣ.
2202 263 2318 323 157

189 432 222 522 ἢ
281 435 433 523 γυνὴ
504 429 710 503 αὐτοῦ
776 438 1139 524 πρεσβῦτις
1201 430 1326 523 ἤδη
1383 437 1494 502 καὶ
1554 431 1673 518 τὴν
1729 435 2021 523 κεφαλὴν
2077 436 2324 515 πολιὰς

191 533 464 662 ἀκριβῶς
525 538 813 604 ικέτευον
871 537 1141 620 ἐλεῆσαι
1198 540 1409 624 σφᾶς·
1466 532 1506 624 ἡ
1570 535 1643 602 δὲ
1698 531 1936 603 αὐτίκα
1991 535 2320 618 ἐπένευσε,

190 641 284 705 καὶ
341 642 478 717 σῶς
533 624 647 728 ἦν,
704 640 817 705 καὶ
874 640 988 705 νῦν
1049 636 1433 720 Θεόδωρον,
1492 639 1746 721 μᾶλλον
1804 636 1876 703 δὲ
1930 642 2324 756 περιφανῶς

184 734 661 827 Ἀρτεμίδωρον
721 740 944 824 έχουσι
991 736 1110 806 τὸν
1169 745 1530 806 νεανίσκον.
1619 733 1952 806 ἀνέθεσαν
1997 726 2112 807 οὐν
2159 734 2324 829 αὐτῇ

188 842 260 909 τά
301 867 375 909 τε
422 838 594 909 ἄλλα
637 845 750 909 καὶ
777 845 937 969 βέλη
967 843 1079 908 καὶ
1109 841 1292 922 τόξα,
1339 835 1449 908 ότι
1474 848 1692 928 χαίρει
1721 842 2017 920 τούτοις·
2061 837 2324 922 τοξότις

189 943 299 1029 γὰρ
341 946 458 1012 καὶ
486 943 798 1067 ἑκηβόλος
828 947 941 1010 καὶ
966 942 1396 1033 τηλέμαχοςκ
1362 970 1400 1029 η
1419 939 1770 1030 ”Αρτεμις.
1862 949 1963 1011 13.
2008 950 2323 1030 Πίνωμεν
2353 947 2427 1003 13

189 1033 320 1127 οὐν,
365 1033 405 1135 ἦ
455 1039 515 1112 δ’
569 1044 643 1124 ὃς
688 1042 724 1112 ὃ
773 1044 1308 1131 Μεγαλώνυμος,
1366 1048 1479 1113 καὶ
1522 1045 1647 1131 γὰρ
1691 1047 1803 1112 καὶ
1848 1046 2125 1132 λάγυνον
2168 1071 2322 1114 του-

112 1151 316 1215 mm)
362 1148 830 1237 παρηβηκότος
871 1141 1009 1234 ἥκω
1053 1144 1209 1232 ὗμῖν
1252 1146 1539 1231 κομίζων
1581 1151 1694 1215 καὶ
1751 1150 2168 1236 τροφαλίδας
2209 1175 2323 1215 τυ-

190 1255 298 1338 ροῦ
360 1254 468 1319 καὶ
529 1249 729 1329 ἐλάας
780 1264 1222 1334 χαμαιπετεῖς
1276 1288 1361 1298 -
1421 1250 1736 1338 φυλάττω
1795 1245 1859 1317 δ’
1925 1245 2131 1329 αὐτας
2184 1247 2317 1319 υπὸ

191 1365 503 1440 σφραγῖσι
585 1352 1074 1441 θριπηδέστοις
1145 1389 1228 1399 -
1300 1355 1413 1419 καὶ
1485 1348 1691 1430 ἄλλας
1763 1350 1964 1431 ἐλάας
2048 1352 2324 1432 νευστὰς

190 1458 288 1521 καὶ
351 1455 603 1544 πήλινα
666 1457 855 1521 ταυτὶ
924 1454 1245 1543 ποτήρια,
1315 1448 1758 1535 ὀξυόστρακα,
1828 1449 2320 1537 εὐπυνδάκωτα,

191 1554 276 1635 ῶς
317 1556 387 1636 εξ
428 1552 644 1624 αὐτῶν
691 1563 1036 1641 πίνοιμεν,
1093 1559 1205 1623 καὶ
1252 1558 1635 1623 πλακοῦντα
1695 1555 1768 1635 ἐξ
1821 1556 2097 1644 ἐντέρων
2151 1583 2322 1645 κρω-

191 1660 438 1749 βυλώδη
483 1658 602 1747 τὴν
645 1656 1086 1749 πλοκήν.σύ
1132 1652 1221 1739 6³,
1270 1645 1323 1723 ῶ
1359 1672 1509 1739 παῖ,
1554 1660 1763 1725 πλέον
1790 1685 1910 1744 μοι
1937 1664 2057 1727 τοῦ
2086 1654 2326 1739 υδατος

195 1760 377 1846 ε’γχει,
436 1757 528 1840 ὥς
578 1759 669 1850 μὴ
711 1766 1111 1850 καρηβαρεῖν
1157 1755 1485 1849 ἀρξαίμην
1526 1746 1696 1850 κᾷτά
1741 1784 1852 1828 σοι
1902 1760 2021 1829 τὸν
2077 1762 2323 1829 παιδο-

194 1862 419 1946 βοσκὸν
460 1865 643 1930 καλῶ
689 1861 805 1929 ἐπὶ
851 1867 960 1928 σέ·
1014 1862 1160 1929 ἰ’στε
1201 1860 1328 1949 γὰρ
1372 1858 1467 1941 ῶς
1510 1856 1853 1946 ὀδυνῶμαι
1894 1866 2005 1931 καὶ
2051 1863 2322 1948 διέμπι-

199 1966 359 2032 λον’
340 1964 464 2048 ε’χω
508 1963 627 2054 τὴν
669 1963 985 2052 κεφαλήν.
1078 1971 1174 2031 14.
1221 1963 1389 2047 μετὰ
1436 1963 1509 2030 δὲ
1551 1962 1669 2031 τὸν
1723 1964 1935 2031 πότον
1989 1966 2324 2053 συνυθλή-
2354 1964 2427 2017 14

198 2089 377 2151 σομεν
424 2066 536 2134 οἶα
577 2069 687 2133 καὶ
737 2059 906 2132 ἅττα
951 2065 1297 2149 ἐώθαμεν·
1358 2059 1435 2131 οὐ
1478 2064 1605 2152 γὰρ
1659 2091 1932 2152 ακαιρον
1979 2066 2325 2155 δήπουθεν

196 2167 253 2234 ἐν
279 2170 436 2257 οινῳ
469 2169 724 2259 φλύειν.
805 2162 1109 2236 Ἐπαινῶ
1136 2171 1353 2247 τοῦτο,
1397 2194 1479 2253 ην
1512 2161 1574 2233 6²
1613 2166 1756 2255 ἐγώ,
1788 2170 1901 2234 καὶ
1927 2166 2054 2256 γὰρ
2085 2161 2322 2256 ότιπερ

194 2268 424 2358 οφελός
469 2271 666 2356 ἐσμεν
707 2276 825 2360 τῆς
869 2271 1260 2349 ἀττικίσεως
1305 2295 1524 2355 ακρον.
1613 2256 1706 2337 Εὐ
1754 2272 1994 2357 λέγεις,
2048 2257 2088 2358 ἦ
2136 2265 2198 2337 δ’
2249 2270 2324 2350 ὃς

195 2369 225 2440 6
266 2376 666 2464 Καλλικλῆς·
712 2372 788 2441 τὸ
834 2372 960 2460 γὰρ
1006 2373 1377 2492 ἐρεσχηλεῖν
1423 2365 1744 2460 ἀλλήλους
1788 2372 2092 2455 συχνάκις
2122 2372 2325 2461 λάλης

53 2500 54 2529 ³
117 2476 441 2564 341θηγάνη
484 2481 799 2562 γίγνεται.
880 2468 1050 2560 Ἐγώ
1098 2474 1190 2555 δέ,
1236 2461 1276 2560 ἦ
1323 2466 1390 2538 δ’
1442 2498 1517 2551 ος
1562 2469 1597 2541 6
1634 2469 1956 2562 Ευδημος,
2002 2511 2087 2521 -
2129 2474 2324 2561 κρύος

191 2578 302 2705 γάρ
346 2577 527 2646 ἐστιν
572 2615 657 2626 -
699 2571 890 2664 ἥδιον
936 2604 1017 2644 αν
1064 2570 1482 2663 εὐζωροτέρῳ
1540 2575 1755 2643 πυκνὰ
1810 2571 2321 2662 ἐπιψεκάζοιμι·

192 2683 291 2746 καὶ
330 2679 457 2767 γὰρ
498 2679 866 2769 χειμοθνής
909 2678 1067 2763 εἰμι,
1112 2682 1224 2745 καὶ
1264 2679 1615 2760 χλιανθεὶς
1656 2671 1846 2764 η’διον
1891 2704 1973 2744 αν
2014 2672 2325 2763 ἀκούοιμι

190 2786 309 2850 τῶν
346 2782 769 2869 χειροσόφων
811 2781 1065 2848 τούτων
1106 2785 1226 2847 τοῦ
1269 2805 1342 2846 τε
1387 2775 1674 2867 αὐλητοῦ
1703 2783 1813 2848 καὶ
1842 2805 1962 2902 της
1987 2787 2323 2869 βαρβιτῳ-

192 2882 318 2950 δοῦ.
411 2890 511 2951 15.
566 2889 652 2950 Τί
692 2887 904 2950 ταῦτα
949 2881 1244 2970 ε’φησθα,
1292 2868 1346 2947 ῶ
1392 2877 1693 2968 Ευδημες
1734 2908 1815 2968 ην
1852 2876 1915 2948 δ’
1955 2882 2114 2969 εγώ·
2162 2879 2321 2951 ἀλο-
2352 2886 2424 2942 15

190 2991 326 3068 γίαν
367 2981 530 3073 ἡμῖν
575 2984 957 3062 επιτάττεις
1002 2979 1092 3061 ὥς
1136 2977 1460 3065 ἀστόμοις
1505 2970 1655 3051 οὐσι
1711 2987 1820 3050 καὶ
1868 2978 2324 3070 ἀπεγλωττισ-

193 3093 433 3175 μένοις;
494 3088 645 3173 εμοὶ
703 3088 776 3153 δὲ
825 3114 867 3176 η
912 3085 1173 3173 γλῶττά
1215 3110 1289 3151 τε
1329 3081 1456 3173 ἤδη
1504 3086 1665 3173 λογᾷ
1706 3088 1818 3153 καὶ
1863 3084 1940 3171 δὴ
1990 3082 2323 3176 ἀνηγόμην

193 3213 255 3273 γε
301 3187 432 3279 [ὥς]
482 3183 1025 3278 ἀρχαιολογήσων
1068 3183 1223 3271 ύμῖν
1264 3190 1380 3254 καὶ
1422 3194 1808 3273 κατανίψων
1854 3181 1991 3254 ἀπὸ
2028 3189 2326 3277 γλώττης

197 3282 508 3371 ἅπαντας.
599 3285 770 3358 ἀλλὰ
818 3290 897 3358 σὺ
941 3289 1017 3357 τὸ
1067 3282 1302 3372 ὅμοιον
1359 3288 1646 3374 εἰργάσω
1702 3313 1787 3373 με
1844 3282 2070 3374 ὥσπερ
2118 3289 2184 3356 εἰ’
2221 3315 2324 3369 τις

194 3387 429 3462 ὁλκάδα
457 3394 855 3484 τριάρμενον
884 3392 952 3460 ἐν
974 3386 1178 3479 οὐρίῳ
1202 3394 1558 3472 πλέουσαν,
1592 3392 2323 3476 ἐμπεπνευματωμένου

193 3499 299 3560 τοῦ
343 3491 639 3578 ἀκατίου,
687 3490 1103 3583 εὐφοροῦσάν
1145 3520 1219 3561 τε
1262 3497 1374 3562 καὶ
1406 3486 2007 3580 ἀκροκυματοῦσαν,
2056 3493 2326 3585 ἕκτοράς

193 3621 363 3677 τινας
407 3594 881 3687 ἀμφιστόμους
924 3600 1034 3665 καὶ
1081 3595 1357 3679 ισχάδας
1403 3597 1680 3684 σιδηρᾶς
1712 3589 1910 3683 ἀφεὶς
1936 3600 2048 3663 καὶ
2094 3622 2324 3665 ναυσι-

196 3700 393 3779 πέδας
422 3695 839 3783 ἀναχαιτίζοι
868 3702 988 3765 τοῦ
1019 3699 1267 3786 δρόμου
1297 3697 1373 3764 τὸ
1408 3696 1651 3784 ῥόθιον
1681 3698 1926 3786 φθόνῳ
1954 3725 2072 3789 της
2102 3694 2323 3787 εὐηνε-

118 3804 358 3879 342μίας.
453 3796 729 3882 Οὐκοῦν,
773 3801 812 3887 ἠ
863 3794 925 3866 δ’
976 3793 1069 3878 ός,
1115 3799 1193 3867 σὺ
1239 3805 1389 3884 μέν,
1445 3799 1507 3866 εἰ
1547 3799 1806 3884 βούλει,
1868 3802 2027 3868 πλεῖ
2068 3803 2179 3868 καὶ
2225 3817 2324 3868 νεῖ

197 3904 299 3967 καὶ
340 3908 455 3971 θεῖ
494 3902 665 3970 κατὰ
709 3906 830 3968 τοῦ
873 3901 1220 3982 κλύδωνος,
1267 3899 1391 3986 ἐγώ
1443 3900 1514 3967 δὲ
1559 3894 1879 3987 ἀπόγειος
1923 3908 2137 3968 πίνων
2184 3894 2323 3987 άμα

204 3993 413 4092 ὥσπερ
457 4001 492 4072 6
540 4008 658 4072 τοῦ
685 4001 981 4091 (Ομήρου
1026 3996 1212 4083 Ζεύς,
1257 3992 1380 4088 ἢ’
1345 4001 1484 4069 απὸ
1533 4002 1891 4090 φαλάκρων
1935 4029 1976 4089 η
2023 3997 2159 4070 ἀπὸ
2207 4008 2325 4092 τῆς
