2800 4500
402 1581 610 1698 Quod
645 1634 715 1699 in
748 1634 960 1718 priore
1001 1640 1188 1719 parte
1228 1634 1422 1719 primi
1464 1634 1656 1701 huius
1697 1633 2000 1702 editionis
2041 1636 2385 1704 voluminis

220 1772 318 1851 (p.
351 1767 535 1846 VIII)
578 1789 988 1855 negaveram,
1043 1776 1301 1838 exstare
1343 1790 1743 1837 communem
1787 1772 2070 1837 omnium
2110 1774 2384 1864 Luciani

224 1905 525 1971 codicum
588 1905 856 1990 fontem,
926 1907 1100 1973 idem
1165 1907 1516 1974 etiamnum
1570 1906 2053 1991 pernegandum
2110 1909 2383 1976 videtur.

222 2040 459 2126 Neque
515 2043 725 2125 magis
768 2063 848 2109 ea
902 2043 1035 2109 iam
1088 2050 1187 2110 est
1240 2043 1534 2110 codicum
1589 2043 1915 2127 condici0,
1974 2046 2272 2129 quamvis
2314 2046 2385 2111 in

226 2179 506 2263 singulis
553 2179 781 2246 rivulis
838 2146 1187 2265 eorumque
1244 2200 1434 2246 cursu
1490 2179 1906 2265 explorandis
1963 2181 2383 2264 sagacissime

224 2315 591 2381 laboratum
638 2317 740 2400 sit,
786 2322 860 2382 ut
903 2316 985 2382 de
1030 2318 1281 2399 origine
1326 2337 1545 2383 eorum
1588 2322 1652 2381 et
1694 2336 1866 2382 nexu
1915 2318 2073 2383 satis
2117 2325 2383 2385 constet.

226 2452 462 2537 Itaque
490 2453 615 2519 hac
647 2453 754 2518 via
788 2453 966 2519 haud
995 2454 1262 2519 multum
1293 2452 1380 2518 ad
1408 2452 1803 2519 stabilienda
1833 2454 2108 2521 Luciani
2143 2457 2384 2542 scripta

224 2587 560 2674 hucusque
601 2589 1006 2674 profecimus.

400 2725 543 2805 Quo
585 2727 817 2793 navius
860 2734 1077 2793 autem
1106 2729 1176 2792 in
1212 2729 1496 2812 ipsorum
1540 2726 1832 2793 codicum
1875 2727 2038 2792 vitia
2066 2733 2132 2792 et
2157 2728 2385 2795 laudes

225 2864 468 2947 inquiri
525 2869 821 2949 coeptum
864 2871 978 2948 est,
1027 2884 1103 2930 eo
1147 2865 1384 2930 laetius
1427 2869 1622 2928 aucta
1679 2868 1778 2928 est
1832 2860 2072 2928 fiducia
2115 2883 2194 2929 ac
2237 2884 2385 2949 spes

227 2999 394 3083 fore,
452 3005 526 3065 ut
569 3000 795 3084 optimi
853 3001 1163 3084 cuiusque
1209 2999 1490 3081 vestigia
1531 3004 1895 3083 prementes
1941 3018 2023 3064 ex
2068 3018 2381 3068 consensu

227 3154 448 3200 eorum
479 3135 757 3201 Luciani
799 3136 1131 3218 ingenium
1162 3141 1227 3200 et
1254 3134 1525 3200 formam
1564 3134 1776 3217 magis
1820 3135 2159 3219 magisque
2202 3137 2384 3201 resti-

225 3276 503 3336 tuamus.
594 3269 735 3349 Quo
795 3271 1055 3355 quidem
1113 3290 1427 3338 consensu
1485 3272 1679 3337 etiam
1730 3269 2021 3336 codicum
2079 3290 2248 3355 quae
2301 3271 2385 3337 sit

227 3407 397 3473 inter
437 3407 615 3491 ipsos
659 3413 989 3517 tamquam
1034 3407 1332 3489 cognatio
1375 3405 1633 3472 facilius
1676 3405 2034 3491 apparebit.

394 3542 479 3608 Et
507 3562 668 3610 sane
696 3543 818 3609 hoc
846 3544 1093 3610 lucrum
1124 3544 1257 3609 iam
1284 3542 1573 3626 fecimus,
1605 3547 1677 3607 ut
1721 3562 1881 3625 quos
1924 3542 2197 3626 optimos
2243 3561 2385 3607 esse

225 3678 482 3745 codices
541 3678 980 3746 indicaveram
996 3679 1084 3763 ³⁸),
1143 3699 1295 3746 vere
1351 3680 1433 3763 ii,
1491 3679 1658 3744 sicut
1713 3678 1834 3744 hoc
1893 3699 2148 3763 quoque
2204 3678 2384 3743 volu-

225 3814 398 3882 mine
462 3815 1007 3900 comprobabitur,
1076 3817 1145 3882 in
1203 3818 1462 3902 optimis
1519 3814 1803 3882 habendi
1860 3815 2020 3897 sint,
2089 3815 2383 3899 inprimis

393 4036 440 4098 ¹⁸¹)
476 4035 599 4089 Vol.
625 4033 653 4087 I
686 4034 747 4088 P.
774 4035 800 4088 1
835 4052 958 4105 pag.
985 4034 1098 4089 Vn.
