2800 4500
952 260 1102 313 ΠΕΡΙ
1140 259 1500 313 ΟΡΧΗΣΕΩΣ.
2182 257 2299 317 137

173 427 383 516 φορὰς
423 433 535 496 καὶ
577 428 785 517 μόνης
827 432 945 516 τῆς
990 433 1217 519 φωνῆς
1259 426 1648 496 ὑπεύθυνον
1694 434 2003 514 παρέχων
2033 428 2302 497 ἑαυτόν·

169 530 245 595 τὰ
285 530 409 617 γὰρ
457 526 629 597 ἄλλα
673 546 815 610 τοῖς
863 546 1178 621 ποιηταῖς
1220 531 1500 621 ἐμέλησε
1543 531 1675 617 πρὸ
1711 532 1966 599 πολλοῦ
1996 556 2165 597 ποτε
2205 555 2303 617 γε·

170 637 495 716 νομένοις·
552 635 666 699 καὶ
724 638 914 718 μέχρι
969 634 1090 718 μὲν
1126 627 1546 722 Ἀνδρομάχη
1601 658 1706 712 τις
1761 623 2083 722 ἢἛκάβη
2143 630 2303 713 ἐστί,

168 837 656 922 ἐπιλαθόμενος
702 834 905 905 αὑτοῦ
948 842 1059 906 καὶ
1101 834 1268 925 μήτε
1310 839 1431 925 τὴν
1477 841 1745 959 λεοντην
1800 837 1880 926 ἣν
1933 843 2307 923 περίκειται

170 938 505 1018 αἰδεσθεὶς
546 939 713 1029 μήτε
754 939 829 1007 τὸ
879 940 1199 1029 ῥόπαλον,
1247 944 1589 1009 σολοικίαν
1636 965 1704 1007 ευ
1739 943 2005 1029 φρονῶν
2037 939 2307 1017 εἰκότως

168 1049 323 1130 φαίη
373 1038 456 1109 ἄν
498 1068 603 1121 τις
645 1042 721 1111 τὸ
769 1047 1066 1131 πρᾶγμα.
1157 1049 1259 1112 28.
1305 1047 1417 1111 καὶ
1463 1042 1589 1130 γὰρ
1629 1027 1731 1125 αῦ,
1778 1036 1948 1129 ὅπερ
1980 1042 2306 1120 ἐνεκάλεις
2332 1051 2408 1107 28

165 1148 237 1231 τῇ
278 1138 654 1233 ὀρχηστικῇ,
704 1145 775 1214 τὸ
826 1143 1071 1232 ἄνδρας
1115 1143 1315 1226 ὄντας
1358 1152 1726 1232 μιμεῖσθαι
1778 1159 2119 1233 γυναῖκας,
2167 1170 2307 1212 κοι-

167 1248 268 1313 νὸν
310 1251 512 1315 τοῦτο
557 1251 667 1315 καὶ
712 1252 832 1337 τῆς
873 1249 1250 1336 τραγῳδίας
1293 1253 1408 1317 καὶ
1449 1253 1569 1338 τῆν
1620 1249 1979 1335 κωμῳδίας
2022 1247 2309 1337 ἔγκλημα

170 1339 239 1414 ὃν
281 1350 415 1438 εἴη·
473 1352 750 1429 πλείους
792 1354 948 1437 γοῦν
994 1350 1062 1418 ἐν
1110 1346 1345 1430 αὐταῖς
1388 1356 1523 1419 τῶν
1569 1346 1827 1439 ἀνδρῶν
1876 1352 1945 1418 αἱ
1989 1365 2305 1436 γυναῖκες.

169 1457 259 1519 29.
305 1448 366 1539 [ἢ
412 1454 737 1539 κωμῳδία
782 1453 855 1520 δὲ
896 1457 1008 1520 καὶ
1052 1457 1184 1520 τῶν
1227 1454 1617 1541 προσώπων
1664 1447 1878 1520 αὐτῶν
1917 1452 1992 1521 τὸ
2026 1458 2301 1540 καταγέ-
2336 1460 2412 1516 29

170 1555 397 1621 λαστον
456 1560 660 1641 μέρος
714 1559 835 1623 τοῦ
899 1561 1190 1641 τερπνοῦ
1256 1553 1429 1645 αὑτῇ
1495 1555 1863 1641 νενόμικεν,
1937 1555 2051 1623 οἶα
2104 1555 2310 1621 Δάων

89 1661 266 1723 286καὶ
316 1663 575 1741 Τιβίων
617 1661 730 1725 καὶ
774 1664 1110 1745 μαγείρων
1141 1659 1533 1748 πρόσωπα.]
1623 1658 1699 1726 τὸ
1736 1659 1808 1726 δὲ
1838 1662 1956 1726 τοῦ
1987 1652 2310 1744 ὀρχηστοῦ

169 1763 368 1844 σχῆμα
413 1759 512 1839 ὥς
553 1761 676 1844 μὲν
717 1760 998 1845 κόσμιον
1040 1766 1151 1830 καὶ
1199 1756 1534 1845 εὐπρεπὲς
1577 1756 1695 1829 οῦκ
1740 1760 1854 1847 ἐμὲ
1894 1759 2016 1849 χρὴ
2067 1763 2308 1844 λέγειν·

171 1862 321 1950 δῆλα
362 1863 496 1949 γὰρ
542 1877 685 1942 τοῖς
726 1861 816 1952 μὴ
861 1866 1143 1951 τυφλοῖς
1185 1868 1418 1932 ταῦτα.
1505 1864 1581 1933 τὸ
1634 1865 1707 1932 δὲ
1736 1863 2112 1951 πρόσωπον
2142 1857 2304 1930 αῦτὸ

170 1961 246 2043 ὡς
278 1965 645 2037 ,κάλλιστον
690 1969 801 2032 καὶ
844 1970 941 2052 τῷ
983 1962 1403 2054 ὑποκειμένῳ
1450 1966 1742 2052 δράματι
1789 1965 2005 2045 ἐοικός
2017 2018 2035 2047 ,
2084 1959 2160 2032 οὗ
2204 1990 2311 2031 κε-

165 2066 346 2155 χηνὸς
390 2068 468 2134 δὲ
512 2063 603 2145 ὥς
648 2067 863 2135 ἐκεῖνα
909 2062 1079 2134 ἀλλὰ
1126 2069 1579 2153 συμμεμυκός·
1642 2068 1775 2151 ἔχει
1830 2066 1957 2155 γὰρ
2017 2066 2312 2143 πολλοὺς

171 2168 307 2247 τοὺς
349 2166 527 2257 ὑπὲρ
576 2163 780 2236 αὐτοῦ
821 2174 1137 2255 βοῶντας.
1231 2177 1333 2239 30.
1381 2166 1602 2238 πάλαι
1645 2171 1765 2256 μὲν
1808 2168 1933 2256 γὰρ
1968 2166 2082 2257 [οἱ]
2116 2161 2305 2234 αὐτοὶ
2337 2180 2415 2236 30

169 2275 268 2338 καὶ
304 2258 475 2360 ᾖδον
516 2275 630 2343 καὶ
676 2267 1041 2356 ὠρχοῦντο·
1091 2266 1201 2340 εἶτ’
1256 2272 1493 2365 ἐπειδὴ
1534 2278 1935 2358 κινουμένων
1964 2271 2039 2338 τὸ
2076 2258 2313 2360 ᾆσθμα

171 2372 275 2460 τὴν
339 2369 524 2462 ᾠδὴν
592 2372 1073 2461 ἐπετάραττεν,
1144 2370 1421 2458 ἄμεινον
1489 2375 1711 2453 ἔδοξεν
1779 2370 2018 2452 ἄλλους
2085 2367 2314 2450 αὐτοῖς

171 2472 465 2566 ὑπᾴδειν.
558 2482 659 2544 31.
709 2477 897 2543 αἵδε
927 2473 1301 2556 ὑποθέσεις
1333 2482 1553 2546 κοιναὶ
1587 2473 2014 2565 ἀμφοτέροις,
2059 2479 2169 2543 καὶ
2200 2469 2303 2542 οὗ·
2340 2491 2412 2547 31

175 2574 268 2645 δέν
308 2605 377 2646 τι
426 2579 923 2665 διακεκριμέναι
967 2583 1100 2647 τῶν
1145 2584 1472 2666 τραγικῶν
1532 2582 1604 2647 αἱ
1661 2574 2078 2669 ὀρχηστικαί,
2138 2577 2312 2664 πλὴν

171 2672 268 2746 ὅτι
308 2679 795 2767 ποικιλώτεραι
842 2674 1039 2747 αὗται
1083 2683 1193 2748 καὶ
1246 2683 1849 2768 πολυπαθέστεραι
1905 2683 2017 2747 καὶ
2071 2686 2314 2766 μυρίας

171 2780 541 2866 μεταβολὰς
585 2781 875 2865 ἔχουσαι.
966 2787 1069 2850 32.
1117 2781 1177 2848 εἰ
1224 2782 1295 2849 δὲ
1354 2782 1443 2870 μὴ
1512 2782 1867 2870 ἐναγώνιος
1920 2778 1960 2871 ἦ
2021 2777 2306 2871 ὄρχησις,
2337 2795 2413 2852 32

174 2881 412 2974 ἐκείνην
483 2880 657 2951 εἶναί
715 2908 889 2972 φημι
946 2884 1203 2966 αἰτίαν,
1268 2884 1343 2952 τὸ
1409 2884 1601 2964 δόξαι
1658 2899 1802 2964 τοῖς
1858 2879 2315 2971 ἀγωνοθέταις

173 2987 388 3068 μεῖζον
432 2989 546 3053 καὶ
606 2986 1002 3073 σεμνότερον
1059 2986 1135 3054 τὸ
1199 2992 1477 3076 πρᾶγμα
1533 2979 1575 3075 ἢ
1634 2980 1805 3054 ὥστε
1863 2987 1959 3066 εἰς
2015 2986 2313 3065 ἐξέτασιν

169 3091 543 3158 καλεῖσθαι.
642 3088 731 3155 ἐῶ
773 3083 982 3175 λέγειν
1027 3083 1134 3158 ὅτι
1179 3090 1382 3169 πόλις
1429 3090 1496 3158 έν
1533 3084 1781 3179 Ἰταλίᾳ
1822 3093 1941 3157 τοῦ
1984 3089 2312 3157 Χαλκιδι-

170 3195 274 3258 κοῦ
316 3197 549 3278 γένους
591 3187 631 3279 ἡ
681 3185 918 3280 ἇρίστη
950 3195 1061 3259 καὶ
1094 3196 1291 3259 τοῦτο
1325 3186 1555 3279 ὥσπερ
1585 3218 1653 3260 τι
1683 3192 1992 3279 κόσμημα
2020 3195 2120 3278 τῷ
2149 3185 2306 3274 παρ’

175 3288 391 3372 αὐτοῖς
436 3289 646 3380 ἀγῶνι
690 3299 1194 3380 προστέθεικεν.

91 3404 157 3457 287
333 3402 437 3466 33.
474 3390 740 3463 Ἐθέλω
787 3397 860 3461 δέ
906 3418 1015 3463 σοι
1055 3394 1353 3463 ἐνταῦθα
1382 3392 1508 3484 ἤδη
1545 3390 2112 3484 ἀπολογήσασθαι
2140 3394 2312 3481 ὑπὲρ
2342 3407 2418 3465 33

172 3500 294 3565 τῶν
356 3499 997 3585 παραλελειμμένων
1057 3501 1155 3585 τῷ
1211 3498 1385 3585 λόγῳ
1444 3498 1867 3582 παμπόλλων
1921 3494 2166 3582 ὄντων,
2223 3496 2315 3577 ὥς

174 3598 254 3688 μὴ
313 3600 515 3679 δόξαν
577 3594 851 3686 άγνοίας
902 3590 946 3689 ἢ
1005 3593 1315 3685 ἀμαθίας
1372 3601 1853 3686 παράσχωμαι·
1924 3596 1998 3668 οὗ
2055 3602 2178 3688 γάρ
2232 3627 2316 3686 με

177 3702 446 3789 λέληθεν
492 3693 600 3769 ὅτι
645 3703 890 3768 πολλοὶ
937 3701 1070 3787 πρὸ
1118 3699 1305 3789 ἡμῶν
1357 3706 1516 3787 περὶ
1575 3695 1905 3790 ὀρχήσεως
1962 3727 2314 3789 συγγεγρα-

178 3797 369 3888 φότες
431 3801 551 3889 τὴν
618 3802 940 3889 πλείστην
1009 3803 1357 3892 διατριβὴν
1410 3807 1528 3890 τῆς
1583 3807 1844 3891 γραφῆς
1906 3803 2312 3891 ἐποιήσαντο

176 3905 389 3971 πάντα
431 3908 547 3989 τῆς
591 3898 926 3991 ὀρχήσεως
968 3904 1052 3972 τὰ
1101 3905 1244 3994 ε’ίδη
1292 3904 1672 3984 ἐπεξιόντες
1714 3910 1825 3972 καὶ
1857 3899 2155 3989 ὀνόματα
2191 3901 2312 3975 αῦ-

175 4011 298 4073 τῶν
340 4009 809 4093 καταλέγοντες
850 4010 962 4074 καὶ
1023 4007 1136 4074 οἵα
1195 4006 1434 4094 ἑκάστη
1482 4011 1592 4076 καὶ
1635 4002 1759 4095 ὕφ’
1826 4000 1983 4073 ὅτου
2046 4004 2310 4097 εὑρέθη,
