2800 4500
473 253 595 314 320

472 958 521 1000 c.
551 945 650 1001 36.

473 1162 521 1205 c.
552 1149 647 1205 39.

472 1264 522 1307 c.
552 1251 649 1308 41.

475 1981 524 2023 c.
552 1965 648 2024 42.

475 2185 524 2228 c.
551 2170 648 2228 43.

474 2798 524 2841 c.
552 2785 649 2840 44.

476 2901 525 2943 c.
553 2886 652 2942 46.

1208 253 1590 308 ADNOTATIO
1625 253 1893 308 GRlTICA.

681 435 787 494 καὶ
834 427 1117 507 εὐειδεῖς,
1177 432 1239 493 οἱ
1286 432 1350 492 δὲ
1396 432 1664 509 σκληροὶ
1715 434 1820 491 καὶ
1876 432 2096 508 μικροὶ
2140 432 2248 490 καὶ
2291 419 2615 506 ἄμορφοιΙΙ

683 583 696 596 .
731 583 746 596 .
781 583 795 596 .
828 538 1065 613 μακροί
1107 555 1174 594 τε
1202 525 1365 612 ἦσαν
1395 536 1503 594 καὶ
1545 535 1825 605 μαλακοὶ
1869 534 1976 593 καὶ
2026 525 2287 614 [καλοὶ
2332 521 2479 611 καὶ]
2524 525 2618 591 εὐ-

683 638 894 712 ειδεῖς,
954 636 1015 698 οἱ
1068 635 1133 696 δὲ
1180 637 1448 714 σκληροὶ
1493 637 1601 696 καὶ
1648 635 1866 712 μικροὶ
1909 636 2018 694 καὶ
2076 627 2376 712 ἄμορφοι.
2470 629 2617 690 Gon·

685 738 947 797 cinnitati
975 738 1056 796 ita
1084 737 1393 796 consulere
1421 735 1634 795 studui.
1706 734 1775 793 In
1806 733 2105 795 codicibus
2150 734 2486 794 omittuntur
2514 736 2620 794 καὶ

680 844 957 914 μαλακοὶ
1005 834 1140 905 ῼΉ
1182 840 1350 898 Mut.
1397 842 1662 918 σκληροὶ
1707 832 1841 906 »9521
1884 837 2051 919 Mut.

684 941 1035 1019 ἐπελέξατο
1079 936 1099 1022 Ε
1141 937 1519 1017 ῦπελέξατο
1568 939 1737 999 Mut.
1798 972 1875 982 —-
1935 939 2037 1002 ἐπὶ
2083 942 2304 1019 ξενίᾳ
2344 934 2364 1019 ΙΙ
2404 937 2624 1013 ξένια

685 1041 829 1104 Cob.
874 1043 928 1103 A
972 1039 1117 1102 Γῼ
1159 1077 1241 1087 -
1288 1043 1389 1131 ἕπζ
1433 1037 1571 1121 τὴν
1615 1049 1782 1104 ναῦν
1813 1037 1831 1122 ΙΙ
1859 1042 1961 1103 ἐπὶ
2006 1048 2172 1104 ναῦν
2215 1037 2361 1108 ἩΓ
2392 1039 2547 1101 unt.

681 1148 743 1209 οἱ
785 1148 902 1221 μὲν
948 1145 1136 1209 ἔνθεν
1181 1147 1243 1208 οἱ
1288 1147 1352 1207 δὲ
1399 1139 1776 1224 ἒνθενΙΙοὶ
1825 1146 1888 1206 δὲ
1934 1144 2254 1206 ἐκεῖθεν
2297 1143 2463 1202 Mat.

681 1251 787 1309 καὶ
830 1243 907 1310 τὸ
950 1244 1219 1311 πάντων
1262 1243 1336 1327 δὴ
1383 1241 1948 1327 παραδοξότατον,
2009 1243 2045 1309 ὸ
2091 1241 2237 1326 γὰρ
2297 1241 2467 1320 ἰστὸς
2511 1252 2631 1325 τῆς

685 1345 845 1424 νεὼς
890 1345 1234 1429 ἐβλάστησε
1259 1344 1278 1429 ΙΙ
1307 1348 1447 1410 del.
1485 1344 1633 1429 γὰρ
1671 1347 1836 1410 det.
1868 1347 1919 1410 ss
1948 1349 2113 1408 Mut.
2201 1348 2270 1406 In
2299 1348 2393 1408 his
2421 1348 2630 1406 simili-

683 1450 911 1526 busque
958 1452 1306 1512 dictionibus
1351 1451 1416 1510 id
1458 1451 1617 1527 quod
1659 1455 1894 1527 praeter
1938 1452 2271 1527 opinionem
2316 1446 2446 1510 fieri
2486 1467 2630 1508 nar-

684 1558 863 1632 ratur,
911 1555 1294 1630 appositionis
1325 1555 1459 1614 loco
1487 1555 1616 1614 sine
1645 1554 1937 1630 particula
1966 1552 2214 1613 additur.
2269 1551 2356 1613 Of.
2388 1553 2629 1627 Tyran-

684 1657 797 1716 nic.
861 1674 910 1716 c.
950 1661 975 1715 1
1026 1653 1506 1736 ἠναγκασμένος
1550 1652 1627 1719 τὸ
1671 1652 2222 1735 παραδοξότατον,
2269 1649 2465 1729 αὐτὸς
2511 1650 2631 1717 αὓ-

685 1764 806 1821 τοῦ
849 1759 1145 1835 γενέσθαι
1174 1754 1718 1839 τυραννοκτόνος.
1807 1757 2085 1818 Similiter
2113 1757 2188 1817 de
2218 1757 2354 1817 hist.
2387 1774 2624 1819 consor.

684 1879 736 1921 c.
790 1865 862 1921 10
908 1862 1116 1936 θέαμα
1161 1861 1492 1940 αἴσχιστον

681 1957 1053 2043 ἐκδήσαντες
1110 1959 1231 2043 γὰρ
1289 1960 1491 2043 αὐτὴν
1546 1960 1762 2047 κάλῳ
1815 1957 2459 2047 μεγάλῳῦκάλων
2520 1986 2624 2039 με·

685 2060 953 2143 γάλων
995 2065 1155 2126 unt.
1198 2096 1281 2109 —
1327 2065 1658 2144 ἐπεισῆλθε
1685 2060 1706 2143 ΙΙ
1735 2067 2008 2145 εἰσῆλθέ
2049 2088 2138 2141 με
2167 2067 2309 2127 Mat.

680 2168 1179 2242 καταθέντες
1222 2164 1238 2245 ΙΙ
1280 2169 1627 2243 καθέντες
1684 2165 1824 2227 Cob.
1883 2201 1966 2211 —
2022 2164 2059 2249 ὴ
2113 2170 2232 2244 μὲν
2284 2161 2408 2230 οὖν
2461 2175 2625 2243 ναῦς

684 2266 1103 2332 καθελόντων
1147 2266 1330 2350 ἡμῶν
1371 2266 1452 2333 τὰ
1497 2273 1663 2334 ἱστία
1709 2267 1802 2334 οὐ
1846 2270 2084 2352 ῥᾳδίως
2128 2270 2272 2351 ἔστη
2303 2267 2322 2351 ΙΙ
2347 2289 2467 2331 non
2514 2274 2621 2348 cst,

686 2390 791 2432 cur
812 2372 887 2432 ab
911 2373 1258 2448 optimorum
1282 2372 1549 2432 codicum
1573 2391 1863 2433 consensu
1887 2373 1987 2448 (A)
2020 2368 2154 2442 »9521
2173 2372 2239 2431 Γ
2258 2374 2319 2431 Μ
2333 2377 2427 2435 ut.
2456 2389 2621 2434 recc-

686 2474 909 2553 damun,
954 2476 1015 2533 in
1046 2474 1318 2549 quibus
1364 2476 1714 2535 omissum
1747 2482 1863 2536 est
1892 2473 2001 2539 οὐ.
2081 2474 2226 2548 Quis
2257 2477 2415 2535 enim
2445 2476 2620 2554 dicat,

684 2594 821 2635 num
865 2576 980 2636 hoc
1022 2575 1198 2637 facilc
1240 2576 1461 2637 factum
1503 2579 1599 2657 sit,
1646 2596 1721 2637 an
1765 2596 1883 2638 non
1927 2576 2136 2655 facile,
2181 2583 2315 2638 dum
2356 2582 2484 2639 tota
2524 2596 2621 2638 res

685 2679 763 2738 sit
802 2680 864 2737 in
906 2680 1202 2739 miraculis
1246 2680 1540 2740 habenda.

683 2776 1228 2858 συνεπεφύκεισαν
1255 2777 1274 2862 ΙΙ
1302 2777 1825 2860 συνεπεφύκεσαν
1870 2777 2018 2848 »9521
2060 2782 2216 2843 unt.
2261 2783 2372 2843 Mr.

684 2878 992 2957 ὑποστὰς
1019 2878 1038 2964 ΙΙ
1066 2880 1376 2960 ἀποστὰς
1405 2885 1560 2946 unt.
1592 2884 1735 2944 Oob.
1777 2887 1886 2945 Mr.
1931 2917 2014 2929 —-
2059 2880 2495 2962 συλλαμβάνω
2539 2906 2620 2946 τε

685 2979 989 3065 ταύτην
1018 2982 1037 3064 ΙΙ
1063 3010 1101 3047 τ
1120 2983 1134 3004 ’
1188 2982 1438 3067 αὐτὴν
1484 2985 1622 3046 Ddf.
1668 2987 1780 3048 Bk.
1825 2986 1988 3048 det.

475 3103 523 3146 c.
552 3091 650 3146 47.
679 3083 852 3161 μετ’
897 3082 1360 3169 αὐτὰΙΙμετά
1404 3096 1657 3152 ταῦτα
1700 3086 1761 3157 Ἃ
1803 3089 1958 3152 unt.
