2800 4500
590 316 605 323 -
698 285 1091 339 ALEXANDER
1128 285 1183 339 S.
1218 283 1742 339 PSEUDOHANTIS.
2179 281 2304 341 255

356 458 432 542 ήν
473 456 556 520 Ψ
613 466 1127 543 Σαβαρδαλαχου
1170 468 1426 539 μαλαχα
1470 457 1634 523 α’του
1678 455 1878 535 καλὸς
1919 453 2002 539 ἦν
2045 459 2101 518 U
2143 465 2300 534 Σαβ.

355 572 607 645 μαλαχα
648 562 847 641 Ἄττις
891 561 1090 640 ἄλλος
1106 564 1185 640 (Ρ)
1216 558 1295 644 ἦν
1340 558 1392 620 Γ
1434 596 1518 606 -
1561 564 1630 626 ἐν
1667 567 1716 626 δ.
1766 560 1785 643 Ι
1826 582 1941 623 om.
1987 563 2057 624 ἐν
2100 556 2180 620 Ψ
2232 595 2304 605 -

358 663 473 730 δύο
503 662 523 748 Ι
553 672 700 731 δυσὶ
729 669 785 728 U
830 702 911 711 —
956 663 1295 747 διαφόροις
1335 661 1358 747 Ι
1400 685 1516 726 om.
1557 660 1635 724 Ψ
1678 700 1762 710 -
1807 662 1938 728 ὑπὸ
1981 672 2103 728 τοῦ
2148 664 2308 740 ἐμοῦ
2385 702 2390 705 -

358 774 704 833 νεανίσκου
746 765 769 851 Ι
809 767 943 833 ὑπὸ
986 778 1108 834 τοῦ
1152 775 1498 833 νεανίσκου
1550 775 1674 831 τοῦ
1716 769 1876 844 ἐμοῦ
1917 762 1998 826 Ψ
2053 800 2140 811 —
2195 764 2309 844 ἐφ’

360 868 455 936 ὅτι
512 870 535 956 Ι
590 873 710 954 ἔφη
769 868 847 932 Ψ
904 871 1019 951 ἐφ’
1062 867 1198 937 ὅτω
1256 872 1423 948 (rae.)
1466 872 1522 931 U
1579 905 1662 915 —-
1716 864 1830 951 ἧκε
1871 866 1894 952 Ι
1933 863 2085 951 ἧκεν
2128 864 2180 927 Γ
2226 903 2306 913 —

366 982 717 1056 Θεραπείαν
760 972 780 1057 Ι
820 981 1167 1056 θεραπείας
1210 971 1261 1033 Γ
1316 1009 1391 1018 -
1445 975 1565 1054 ἔφη
1607 970 1628 1053 Ι
1669 979 1864 1054 φησὶν
1912 967 1990 1031 Ψ
2035 1007 2116 1016 -
2161 995 2310 1034 κυτ-

356 1081 504 1152 μίδα
542 1084 839 1159 χρίεσθαι
883 1073 903 1158 Ι
942 1081 1240 1154 κυτμίδια
1276 1101 1375 1157 χρ.
1428 1070 1554 1136 ΩΠ
1610 1073 1846 1152 ὑμίτιδι
1885 1099 1984 1155 χρ.
2035 1069 2113 1133 Ψ
2158 1097 2309 1137 κυτ-

357 1184 530 1254 μιδια
560 1186 856 1261 χρίεσθαι
901 1182 990 1240 sic
1034 1174 1086 1237 Γ
1133 1213 1212 1222 -
1244 1181 1509 1255 κέλομαι
1553 1175 1574 1259 fl
1615 1181 1922 1254 κέλλομαι
1965 1172 2045 1236 Ψ
2093 1211 2163 1220 -
2215 1178 2311 1238 κε’-

359 1289 553 1363 λητος
605 1279 626 1364 Ι
681 1290 974 1363 κελητοῖς
987 1282 1064 1359 (9)
1123 1276 1245 1341 ΩΓ
1305 1286 1415 1344 καὶ
1471 1288 1710 1361 λητοῦς
1769 1274 1850 1338 Ψ
1907 1274 2215 1359 κελητοὺς
2231 1278 2310 1354 (P)

363 1386 417 1445 U
460 1418 544 1428 —
590 1386 726 1448 ἐπεὶ
770 1390 879 1448 καὶ
918 1381 939 1466 Ι
976 1381 1188 1464 ἐπειδὴ
1224 1389 1333 1447 καὶ
1361 1378 1470 1443 ΠΓ
1514 1418 1598 1428 -
1641 1380 1731 1459 ὡς
1775 1383 2088 1463 ἐρομένου
2129 1377 2150 1462 Ι
2193 1400 2307 1441 om.

366 1484 454 1563 ὡς
510 1522 594 1532 -
652 1491 1030 1567 πέμψαντος
1079 1484 1100 1569 Ι
1150 1494 1555 1562 πλευοῦντος
1605 1480 1683 1544 Ψ
1731 1520 1815 1530 -
1867 1486 1989 1548 εἴτε
2044 1508 2154 1560 μοι
2196 1481 2217 1566 Ι
2260 1488 2318 1546 εἰ

361 1592 506 1653 δέον
550 1585 633 1649 Ψ
675 1626 756 1636 -
803 1588 916 1653 ἐπ’
949 1587 1118 1654 yma.
1166 1586 1185 1669 fl
1227 1593 1315 1665 είς
1363 1586 1531 1653 Trai..
1579 1582 1649 1647 Ω
1691 1620 1775 1630 -
1820 1593 2254 1667 πεζοπορῆσαι
2294 1582 2313 1665 Ι

362 1698 815 1774 πεζοπωρῆσαι
880 1688 931 1750 Γ
995 1727 1078 1737 -
1129 1689 1285 1755 κατ’
1336 1690 1531 1766 οἶμον
1585 1685 1605 1769 Ι
1653 1697 1784 1753 καθ
1804 1688 1820 1709 ’
1872 1689 1996 1765 οἶμ.
2056 1684 2181 1749 ΩΙ]
2229 1720 2313 1731 —-

358 1790 537 1858 ὅδευε
578 1789 601 1875 Ι
640 1790 857 1874 βάδιζε
909 1789 987 1853 Ψ

316 1940 330 1956 .
358 1902 465 1960 καὶ
508 1898 719 1960 ἐκεῖνο
763 1893 784 1978 Ι
826 1916 940 1957 om.
985 1901 1094 1959 καὶ
1135 1891 1216 1955 Ψ
1262 1929 1344 1939 —
1388 1891 1713 1975 ἐρωτήσας
1752 1889 1775 1975 Ι
1813 1889 2216 1974 ἐπερωτήσας
2244 1887 2315 1950 Ω

359 2034 441 2044 -·
496 2008 594 2084 τῷ
650 2004 885 2085 βιβλίῳ
930 1996 951 2079 Ι
991 1995 1065 2062 τὸ
1122 2003 1382 2075 βιβλίον
1426 1999 1482 2057 U
1539 2031 1614 2040 -
1661 1992 2046 2075 γιγνόμενον
2088 1990 2109 2075 Ι
2152 1991 2317 2057 διδό-

358 2125 561 2178 μενον
607 2097 688 2161 Ψ
731 2135 815 2146 --
859 2097 1123 2177 ταύταις
1161 2097 1184 2183 Ι
1224 2098 1452 2176 αὐταῖς
1487 2094 1565 2158 Ψ
1606 2134 1689 2144 -
1735 2100 2054 2179 ἐπιγραφῇ
2095 2093 2114 2177 ΙΙ
2158 2094 2318 2160 άπο·

358 2211 576 2286 γραφῇ
619 2200 689 2266 Ω
731 2239 817 2250 -
856 2211 979 2268 τοῦ
1019 2208 1239 2281 βιβίου
1278 2199 1453 2286 Ιτοῦ
1494 2200 1682 2284 ἡλίου
1712 2196 1790 2261 Ψ
1827 2234 1912 2246 -
1957 2195 2131 2264 ὄκτω’
2158 2195 2319 2281 μοιΙ

359 2328 472 2369 om.
508 2332 623 2385 μοι
647 2302 727 2366 Ψ
759 2340 846 2350 —-
879 2322 1077 2385 φασιν
1099 2302 1336 2388 Ιφησιν
1358 2300 1490 2364 ΨΓ
1527 2340 1602 2348 —
1629 2301 1747 2368 τὸν
1770 2313 1833 2368 Ρ.
1866 2302 2021 2385 ΙΙοιῑι.
2052 2298 2170 2365 τὸν
2192 2297 2320 2361 ΩΙ]

368 2444 440 2454 -
477 2417 774 2474 Ρουτιλλ.
806 2405 1109 2491 ΙΡουτιλ.
1144 2403 1197 2467 Γ
1243 2443 1318 2452 -
1368 2406 1732 2488 α’πέτρεπον
1776 2402 1901 2486 ἐγὼ
1934 2402 1955 2488 Ι
1982 2402 2106 2485 ἐγὼ
2136 2403 2311 2468 α’πετ.

363 2505 541 2572 ΩΠΓ
571 2545 660 2554 -
689 2516 797 2574 καὶ
826 2518 949 2575 τοῦ
977 2535 1031 2589 γ.
1064 2507 1085 2592 Ι
1113 2529 1227 2571 om.
1258 2515 1367 2573 καὶ
1400 2504 1528 2569 ΩΙ]
1571 2543 1654 2554 -
1696 2516 1818 2572 τοῦ
1847 2514 2270 2588 προσκεῖσθαι
2301 2504 2322 2587 Ι

361 2623 484 2678 τοῦ
529 2611 707 2678 πάνυ
750 2631 979 2694 προσκ.
1014 2608 1122 2673 ΠΓ
1168 2648 1249 2657 -
1292 2608 1777 2688 Νυκτιπλάνοις
1816 2607 1839 2693 Ι
1880 2606 2320 2686 νυκτιπλάνος

367 2719 501 2795 (sic)
546 2712 618 2777 Ω
666 2751 742 2761 -
790 2740 857 2780 τε
902 2713 1248 2795 δυσάγνοις
1289 2711 1309 2797 fl
1353 2711 1428 2795 δὴ
1479 2710 1763 2794 λάγνοις,
1809 2732 1921 2775 om.
1968 2737 2034 2777 τε
2082 2707 2160 2771 Ψ

321 2815 717 2883 ,ἐσελθόντα
760 2814 781 2901 Ι
824 2815 1199 2882 εἰσελθόντα
1240 2813 1363 2876 ΩΓ
1422 2851 1505 2860 -
1561 2812 1913 2880 ἐσελθόντα
1935 2868 1949 2880 .
1977 2867 1991 2880 .
2020 2867 2034 2880 .
2063 2811 2259 2879 πόλιν
2303 2813 2323 2897 ss

366 2924 480 2983 lae.
513 2918 596 2982 Ψ
637 2924 700 2999 ἐς
730 2917 849 3004 τὴν
878 2919 1076 2986 πόλιν
1106 2918 1457 2985 ἐσελθόντα
1483 2944 1561 2996 με
1580 2922 1636 2981 U
1666 2954 1746 2964 —
1771 2916 2007 3000 ᾔσθετο
2038 2917 2057 3000 Ι]
2084 2917 2321 3000 ἤσθετο

365 3020 417 3084 Γ
444 3023 767 3108 η’σθάνετο
813 3020 893 3084 Ψ
934 3059 1020 3069 -
1065 3021 1155 3100 ὡς
1198 3026 1432 3087 ἐκεῖνοι
1473 3019 1492 3104 fl
1534 3020 1623 3099 ὡς
1667 3024 1753 3087 ἐκ.
1804 3019 1893 3098 ὡς
1936 3018 2016 3082 Ψ
2061 3056 2143 3066 -
2188 3023 2323 3103 εἴην

368 3179 382 3192 .
409 3179 423 3192 .
451 3179 465 3192 .
492 3124 822 3209 ἐπηγόμην
867 3124 888 3209 Ι
927 3129 1144 3187 lacuna
1184 3122 1264 3186 Ψ
1303 3160 1386 3170 -·
1431 3121 1849 3206 κοντοφόρον
1892 3121 1911 3205 ΙΙ
1954 3121 2324 3205 κορυνηφό-

371 3255 487 3313 ρον
530 3226 613 3290 Ψ
667 3264 753 3275 -
809 3237 1009 3309 φίλου
1068 3228 1264 3306 ὄντος
1305 3224 1326 3309 Ι
1366 3235 1566 3307 φίλου
1620 3252 1687 3292 τε
1743 3225 1937 3303 ὄντος
1991 3222 2062 3285 Ω
2121 3232 2322 3305 φίλου

370 3330 513 3398 τότε
564 3331 762 3411 ὄντος
818 3329 871 3393 Γ
930 3369 993 3377 -
1066 3331 1211 3414 ἄχρι
1252 3328 1272 3413 Ι
1310 3334 1492 3413 μέχρι
1531 3326 1639 3391 UP
1702 3365 1778 3375 —-
1819 3355 1881 3407 μ.
1931 3337 2180 3411 πολλῆς
2223 3354 2324 3408 φι-

371 3432 788 3517 λοφροσύνης
816 3432 924 3518 Ιμ.
973 3442 1221 3515 πολλῆς
1248 3441 1362 3516 τῆς
1406 3429 1813 3515 εὐφροσύνης
1857 3427 1937 3491 Ψ
1983 3465 2057 3475 —
2108 3427 2324 3496 ἐλθὼν

373 3541 409 3599 δ
422 3535 437 3557 '
480 3536 501 3619 Ι
545 3535 762 3602 ἐλθὼν
807 3541 871 3600 δὲ
916 3532 971 3596 Γ
1025 3571 1110 3581 -
1166 3533 1458 3612 πολλοὺς
1514 3530 1991 3611 καταλαμβάνω
2035 3529 2058 3615 Ι
2097 3542 2318 3599 καταλ.

375 3637 661 3717 πολλοὺς
704 3635 963 3700 wrm*
1006 3673 1089 3683 -
1135 3636 1315 3724 αὐτῷ
1341 3634 1364 3720 Ι
1391 3633 1695 3718 αὐτοῦθ)
1738 3633 1818 3697 Ψ
1862 3671 1942 3681 -
1987 3633 2104 3718 τὴν
2142 3651 2326 3717 χεῖρα

375 3742 639 3825 ἐποίησα
679 3738 701 3826 Ι
743 3744 1011 3825 ἐποίησα
1054 3737 1174 3824 τὴν
1212 3755 1396 3822 χεῖρα
1439 3735 1548 3802 ΠΓ
1591 3774 1676 3786 -
1720 3736 2064 3823 προφήτην
2107 3736 2126 3823 Ι
2167 3738 2327 3804 ὓπο-

376 3841 581 3927 φήτην
638 3840 721 3904 Ψ
773 3880 857 3890 -
916 3851 1229 3924 γεννικῶς
1281 3839 1303 3927 Ι
1356 3851 1625 3922 γενικῶς
1671 3838 1752 3902 Ψ
1809 3879 1891 3888 -
1947 3845 2267 3907 κατέπαυε
2306 3839 2329 3925 Ι

377 3948 735 4010 κατέπαυεν
777 3940 832 4004 Γ
883 3947 1283 4009 κατέπαυσεν
1334 3939 1414 4003 Ψ
1467 3945 1823 4008 κατέπλαετ
1837 3944 1916 4024 (P)
1971 3946 2029 4006 U
2086 3978 2170 3990 —
2227 3950 2328 4022 φί-

380 4053 568 4125 λους.
598 4100 612 4113 .
640 4099 655 4113 .
680 4043 1014 4128 μετάστησ.
1073 4042 1095 4130 Ι
1147 4066 1261 4107 om.
1308 4041 1387 4105 Ψ
1442 4081 1521 4091 -
1580 4041 1758 4110 πάνυ
1815 4049 2042 4111 εἰδέναι
2085 4043 2108 4129 Ι
2149 4043 2326 4113 πάνυ
