2800 4500
815 272 1119 326 ΔΛΗθΟΥΣ
1153 270 1452 324 ΙΣΤΟΡΙΑΣ
1476 272 1533 322 Δ.
2164 263 2246 322 45

145 439 351 506 ἔπλεον
393 445 528 508 τῶν
573 435 829 527 ἀνδρῶν
876 441 1142 509 ἐκείνων
1188 435 1364 529 άμφὶ
1408 440 1566 517 τοὺς
1597 441 1808 507 ε’ίκοσι
1838 442 1948 506 καὶ
1982 434 2246 504 ἑκατόν·

143 542 358 608 τούτων
412 543 485 609 δὲ
544 544 608 610 οἱ
673 544 794 626 μὲν
859 538 1028 628 παρ’
1103 542 1378 628 ἑκάτερα
1443 547 1561 627 τῆς
1619 542 1821 628 νήσου
1879 539 2251 628 καθήμενοι

145 643 347 730 ἐφεξῆς
411 644 884 770 ἐκωπηλάτουν
949 652 1382 732 κυπαρίττοις
1437 645 1760 731 μεγάλαις
1820 638 2253 716 αὐτοκλάδοις

143 750 229 814 καὶ
291 741 684 831 αὐτοκόμοις
741 746 1035 836 ῶσπερεὶ
1096 749 1425 835 ἐρετμοῖς,
1492 748 1779 815 κατόπιν
1839 747 1912 813 δὲ
1969 745 2084 812 ἐπὶ
2138 748 2254 864 τής

142 849 428 938 πρύμνης,
477 847 568 929 ῶς
613 850 846 933 ἐδόκει,
890 851 1284 939 κυβερνήτης
1330 850 1446 917 ἐπὶ
1494 850 1706 939 λόφου
1741 846 2003 939 ὑψηλοῦ
2035 847 2254 934 εἱστή-

142 976 220 1018 κει
252 955 528 1034 χαλκοῦν
574 953 737 1037 ἔχων
782 951 1114 1042 πηδάλιον
1158 953 1712 1020 πεντεσταδιαῖον
1748 951 1823 1020 τὸ
1857 956 2091 1040 μῆκος·
2139 949 2254 1016 ἐπὶ

144 1054 200 1118 δὲ
252 1059 362 1143 τῆς
425 1081 710 1143 πρῳρας
775 1048 936 1122 όσον
1002 1056 1490 1141 τετταράκοντα
1556 1054 1972 1138 ὡπλισμένοι
2042 1047 2256 1119 αυτῶν

144 1155 426 1239 ἐμάχοπο
496 1158 725 1225 πάντα
791 1157 1079 1235 ἐοικότες
1146 1152 1544 1243 ἀνθρώποις
1610 1156 1786 1244 πλὴν
1843 1159 1963 1245 τῆς
2016 1155 2253 1242 κόμης·

144 1251 276 1346 αῧτη
319 1261 390 1326 δὲ
418 1264 558 1347 πῦρ
603 1247 682 1350 ἦν
726 1263 835 1327 καὶ
884 1261 1160 1341 ἐκαίετο,
1208 1254 1381 1327 ὥστε
1427 1256 1579 1327 οὐδὲ
1621 1259 1930 1346 κορύθων
1975 1257 2255 1325 ἐδέοντο.

143 1353 261 1427 ἀντὶ
305 1363 375 1428 δὲ
422 1364 661 1430 ιστίων
707 1360 741 1430 ὅ
792 1358 1034 1445 άνεμος
1077 1362 1437 1490 ἐμπίπτων
1480 1366 1562 1450 τῇ
1592 1355 1710 1450 ύλῃ
1743 1364 1962 1447 πολλῇ
1994 1384 2156 1448 ουσῃ
2191 1359 2259 1426 ἐν

144 1461 345 1552 ἑκάστῃ
393 1464 688 1531 ἐκόλπου
732 1490 806 1531 τε
852 1459 1052 1553 αὐτὴν
1096 1467 1205 1530 καὶ
1254 1465 1452 1551 ἔφερε
1494 1466 1610 1553 τὴν
1642 1469 1842 1552 νῆσον
1885 1458 1927 1551 ᾗ
1959 1460 2249 1530 ἐθέλοι<
2221 1488 2257 1529 ο

143 1568 533 1656 κυβερνήτης·
580 1566 928 1652 κελευστὴς
974 1568 1045 1634 δὲ
1091 1566 1468 1655 ἐφειστήκει
1516 1563 1741 1644 αὐτοῖς
1782 1570 1893 1633 καὶ
1941 1564 2113 1651 πρὸς
2141 1565 2261 1653 τὴν
2303 1653 2311 1660 α

145 1668 401 1751 εἰρεσίαν
448 1665 658 1748 ὀξέως
703 1669 1034 1737 ἐκινοῦντο
1081 1667 1311 1754 ὥσπερ
1368 1668 1453 1736 τὰ
1510 1668 1730 1754 μακρά
1787 1672 1920 1733 τῶν
1978 1669 2258 1734 πλοίων,

76 1778 225 1837 10341.
264 1771 333 1838 τὸ
379 1773 506 1856 μὲν
553 1758 669 1839 οῦν
714 1776 982 1858 πρῶτον
1030 1762 1231 1839 δύο
1192 1800 1229 1857 η
1279 1786 1457 1857 τρεῖς
1502 1771 1685 1852 ἑωρω
1691 1796 1831 1855 με,ν
1880 1764 2154 1854 ύστερον
2190 1769 2346 1841 δὲ41

145 1871 452 1961 ἐφάνησαν
501 1867 660 1942 όσον
705 1874 1068 1955 ἑξακόσιοι,
1127 1879 1235 1941 καὶ
1285 1873 1678 1952 διαστάντες
1736 1873 2109 1957 ἐπολέμουν
2151 1875 2261 1939 καὶ

145 1973 544 2060 ἐναυμάχουν.
646 1978 896 2043 πολλαὶ
945 1978 1066 2061 μὲν
1123 1963 1237 2043 οῦν
1296 1971 1712 2064 ἀντίπρῳροι
1770 1975 2263 2063 συνηράσσοντο

147 2071 466 2164 ἀλλήλαις,
530 2081 779 2147 πολλαὶ
825 2080 897 2146 δὲ
940 2082 1049 2145 καὶ
1099 2079 1541 2168 ἐμβληθεῖσαι
1586 2077 2011 2158 κατεδύοντο,
2076 2104 2144 2143 αι
2192 2078 2264 2142 δὲ

146 2181 657 2267 συμπλεκόμεναι
728 2185 1056 2268 καρτερῶς
1131 2181 1593 2271 διηγωνίζοντο
1668 2182 1778 2247 καὶ
1859 2174 1932 2246 οῦ
2014 2180 2266 2268 ῥᾳδίως

66 2339 67 2342 ,
147 2276 523 2352 ἀπελύοντο·
585 2285 650 2351 οἱ
694 2285 820 2371 γάρ
867 2285 981 2352 ἐπὶ
1026 2289 1143 2374 τῆς
1187 2285 1464 2371 πρῴρας
1508 2288 2082 2369 παρατεταγμένοι
2128 2285 2265 2346 πᾶ·-

147 2407 245 2452 σαν
286 2386 745 2455 ἐπεδείκνυντο
791 2393 1186 2473 προθυμίαν
1233 2388 1694 2470 ἐπιβαίνοντες
1742 2389 1852 2452 καὶ
1915 2379 2265 2468 ἀναιροῦν-

146 2507 258 2566 τες·
301 2489 571 2576 ἐζώγρει
617 2490 689 2557 δὲ
736 2484 971 2568 οῦδείς.
1063 2484 1208 2556 ἀντὶ
1257 2490 1328 2556 δὲ
1361 2493 1603 2575 χειρῶν
1635 2489 1926 2576 σιδηρῶν
1957 2486 2266 2553 πολύπο-

150 2591 247 2670 δας
312 2593 643 2680 μεγάλους
715 2593 1177 2676 ἐκδεδεμένους
1245 2588 1558 2681 ἀλλήλοις
1636 2590 2117 2678 ἐπερρίπτουν,
2200 2590 2265 2656 οἱ

153 2692 208 2758 δὲ
255 2695 811 2780 περιπλεκόμενοι
878 2700 957 2783 τῇ
1023 2693 1142 2783 ὅλῃ
1209 2709 1508 2778 κατεῖχον
1575 2693 1694 2784 τὴν
1752 2698 1971 2783 νῆσον.
2071 2692 2267 2779 ἐβαλ-

153 2796 244 2861 λον
303 2803 532 2880 μέντοι
598 2800 708 2864 καὶ
768 2797 1163 2883 ἐτίτρωσκον
1224 2791 1559 2883 ὀστρείοις
1616 2821 1689 2862 τε
1746 2792 2268 2882 ἁμαξοπληθέσι

66 2909 67 2912 ’
151 2899 241 2963 καὶ
280 2899 600 2985 σπόγγοις
644 2902 1100 2984 πλεθριαίοις.
1190 2905 1291 2966 42.
1336 2896 1557 2988 ἡγεῖτο
1591 2898 1664 2964 δὲ
1693 2902 1826 2964 τῶν
1854 2898 1973 2981 μὲν
2004 2896 2353 2963 Alam-42

152 3003 506 3088 κένταυρος,
553 3005 687 3068 τῶν
732 3003 803 3068 δὲ
853 3002 1419 3090 Θαλασσοπότης·
1480 3004 1590 3068 καὶ
1633 3001 1807 3088 μάχη
1857 2994 2084 3077 αὐτοῖς
2130 2998 2269 3084 ἐγε-

154 3106 385 3191 γένητο,
445 3100 536 3181 ῶς
592 3103 835 3186 ἐδόκει,
894 3106 1077 3182 λείας
1138 3104 1352 3171 ἕνεκα·
1415 3104 1671 3190 ἐλέγετο
1728 3094 1851 3189 γάρ
1910 3098 1944 3169 ὅ
1998 3102 2268 3167 Θαλασ-

157 3206 425 3295 σοπότης
490 3205 752 3285 πολλάς
818 3203 1055 3292 ἀγέλας
1122 3207 1452 3294 δελφίνων
1515 3210 1633 3273 τοῦ
1689 3202 2269 3289 Αἰολοκενταύρου

159 3303 546 3395 ἐληλακέναι,
613 3305 706 3386 ῶς
769 3295 846 3395 ἦν
914 3304 1177 3378 ἀκούειν
1236 3308 1731 3377 ἐπικαλούντων
1791 3300 2103 3392 άλλήλοις
2158 3307 2270 3370 καὶ

158 3406 223 3472 τὰ
262 3404 557 3495 ὀνόματα
601 3416 735 3477 τῶν
777 3414 1110 3496 βασιλέων
1155 3412 1650 3496 ἐπιβοωμένων.
1740 3411 1928 3486 τέλος
1960 3408 2032 3474 δὲ
2077 3411 2269 3474 νικῶ-

162 3531 247 3575 σιν
286 3515 346 3580 οἱ
389 3517 509 3580 τοῦ
540 3512 1119 3599 Αἰολοκενταύρου
1163 3517 1272 3580 καὶ
1319 3514 1560 3602 νήσους
1603 3516 1735 3579 τῶν
1782 3512 2124 3593 πολεμίων
2153 3537 2271 3577 κα-

160 3613 485 3683 ταδύουσιν
545 3610 720 3703 ἀμφὶ
778 3615 899 3694 τὰς
956 3616 1362 3704 πεντήκοντα
1419 3619 1528 3682 καὶ
1588 3613 1823 3682 ἐκατὸν
1888 3616 2000 3680 καὶ
2067 3609 2273 3690 ἄλλας

161 3730 310 3798 τρεῖς
349 3718 804 3802 λαμβάνουσιν
842 3714 1068 3797 αὐτοῖς
1099 3713 1440 3805 ἀνδράσιν,
1490 3719 1560 3784 αἶ
1593 3718 1663 3784 δὲ
1697 3719 1935 3783 λοιπαὶ
1967 3715 2272 3800 πρύμναν

163 3820 572 3904 κρουσάμεναι
621 3822 879 3909 ἔφυγον.
970 3822 1033 3888 οἱ
1080 3822 1150 3888 δὲ
1195 3827 1384 3906 μέχρι
1430 3820 1613 3898 τινὸς
1659 3820 2032 3898 διώξαντες,
2088 3819 2271 3884 ἐπει-

168 3916 229 4005 δὴ
271 3919 511 4009 ἑσπέρα
554 3910 665 4011 ἦν,
723 3923 1138 4012 τραπόμενοι
1182 3925 1354 4010 πρὸς
1411 3922 1492 3990 τὰ
1553 3921 1834 4007 ναυάγια
1891 3923 2022 3985 τῶν
2079 3923 2274 3986 πλεί-

95 4026 311 4086 ιῡιστων
373 4023 831 4112 ἐπεκράτησαν
885 4027 994 4092 καὶ
1053 4023 1136 4091 τὰ
1206 4024 1458 4092 ἑαυτῶν
1526 4018 1901 4090 ἀνείλοντο·
1970 4021 2079 4085 καὶ
2146 4022 2273 4112 γὰρ
