2800 4500
941 219 1384 276 ΔΗΜΩΝΑΚΤΟΣ
1419 219 1585 273 ΒΙΟΣ.
2212 217 2333 277 175

182 396 658 480 προσιέμενος,
700 390 973 479 χάριτος
1017 391 1090 458 δὲ
1118 388 1427 478 Ἀττικῆς
1472 388 1720 472 μεστὰς
1765 385 2171 476 ἀποφαίνων
2214 388 2335 469 τὰς

184 500 566 575 συνουσίας,
614 489 707 571 ῶς
749 492 905 571 τοὺς
948 492 1582 581 προσομιλήσαντας
1627 486 1900 559 ἀπιέναι
1936 491 2102 578 μήτε
2131 518 2335 558 κατα-

183 596 657 684 φρονήσαντας
703 591 792 673 ὥς
837 589 1145 680 ἀγεννοῦς
1187 595 1352 683 μήτε
1405 592 1481 660 τὸ
1543 592 1950 678 σκυθρωπὸν
2003 597 2136 659 τῶν
2181 594 2335 661 ἐπι-

184 698 525 786 τιμήσεων
586 692 1122 786 ἀποφεύγοντας,
1189 702 1555 774 παντοίους
1611 696 1682 762 δὲ
1737 689 1861 762 ὑπ’
1927 690 2334 785 εὐφροσύνης

183 805 580 884 γενομένους
620 802 734 866 καὶ
783 802 1272 888 κοσμιωτέρους
1326 796 1515 885 παρὰ
1573 796 1747 863 πολυ
1805 801 1916 865 καὶ
1975 798 2333 886 φαιδροτέ-

188 927 346 988 ρους
390 905 504 969 καὶ
550 901 723 989 πρὸς
751 900 827 968 τὸ
859 901 1102 985 μέλλον
1134 895 1513 978 εὐέλπιδας.
1605 907 1663 966 7.
1712 894 2149 967 οὐδεπώποτε
2176 904 2333 986 γοῦν
2366 910 2397 965 7

187 1001 399 1093 ω’φθη
446 1003 774 1090 κεκραγώς
823 994 865 1094 ἢ
925 1000 1590 1090 ὑπερδιατεινόμενος
1645 1030 1684 1086 η
1743 996 2124 1089 ἀγανακτῶν
2181 995 2327 1069 οὐδ’

187 1106 247 1173 εἰ
294 1105 616 1189 ἐπιτιμᾶν
658 1132 754 1192 τῳ
801 1105 973 1187 δέοι,
1022 1104 1191 1171 ἀλλὰ
1237 1108 1367 1171 τῶν
1413 1105 1533 1188 μὲν
1581 1100 2073 1193 ἁμαρτημάτων
2118 1104 2334 1227 καθή-

187 1233 426 1289 πτετο,
483 1222 626 1286 τοῖς
671 1208 743 1275 δὲ
789 1205 1241 1292 ἁμαρτάνουσι
1286 1213 1787 1293 συνεγίγνωσκε,
1832 1210 1941 1274 καὶ
1987 1208 2062 1274 τὸ
2111 1206 2335 1294 παρά-

188 1311 428 1397 δειγμα
473 1309 661 1397 παρὰ
706 1314 838 1377 τῶν
887 1310 1136 1397 ἰατρῶν
1178 1303 1368 1394 ἠξίου
1416 1309 1778 1394 λαμβάνειν
1834 1308 1918 1375 τὰ
1972 1311 2093 1394 μὲν
2138 1311 2334 1398 νοσή-

185 1439 370 1498 ματα
417 1412 748 1497 ἰωμένων,
808 1406 972 1502 ἀργῇ
1018 1413 1090 1479 δὲ
1134 1412 1308 1500 πρὸς
1351 1410 1506 1491 τοὺς
1550 1416 1909 1491 νοσοῦντας
1954 1407 2030 1479 οὗ
2070 1414 2334 1499 χρωμέ-

186 1534 355 1582 νων’
423 1512 644 1604 ἡγεῖτο
708 1514 834 1602 γὰρ
902 1509 1279 1602 ἀνθρώπου
1345 1515 1466 1599 μὲν
1534 1511 1703 1582 εἶναι
1769 1513 1845 1581 τὸ
1907 1511 2332 1602 ἁμαρτάνειν,

185 1620 358 1683 θεοῦ
402 1617 471 1684 δὲ
517 1608 560 1706 ἢ
621 1611 861 1702 ἀνδρὸς
920 1616 1203 1684 ἰσοθέου
1260 1614 1344 1683 τὰ
1404 1615 1830 1684 πταισθέντα
1886 1615 2331 1704 ἐπανορθοῦν.

188 1723 246 1787 8.
292 1719 581 1807 τοιούτῳ
627 1719 705 1810 δὴ
749 1727 880 1807 βίῳ
919 1719 1261 1805 χριόμενος,
1302 1718 1396 1795 εἰς
1442 1718 1676 1786 ἑαυτὸν
1707 1720 1827 1803 μὲν
1859 1714 2129 1798 οὐδενὸς
2159 1720 2327 1789 ἐδεῖ-
2363 1725 2399 1780 8

185 1846 296 1902 το,
347 1823 577 1910 φίλοις
623 1822 693 1889 δὲ
739 1820 1153 1903 συνέπραττε
1197 1819 1280 1886 τὰ
1327 1820 1582 1902 εἰκότα,
1628 1823 1737 1888 καὶ
1785 1820 1940 1900 τοὺς
1981 1823 2103 1906 μὲν
2149 1816 2334 1889 εὔτυ-

181 1936 324 2004 χεῖν
393 1924 746 2002 δοκοῦντας
814 1917 1030 1989 αὐτῶν
1094 1919 1588 2011 ὑπεμίμνησκεν
1653 1919 1745 2001 ὥς
1812 1917 1928 1990 ἐπ’
1994 1917 2334 2011 ὀλιγοχρο-

186 2030 359 2103 νίοις
425 2038 568 2103 τοῖς
634 2025 940 2092 δοκοῦσιν
1008 2018 1298 2111 ἀγαθοῖς
1365 2023 1877 2109 ἐπαιρομένους,
1943 2022 2098 2102 τοὺς
2164 2026 2235 2092 δὲ
2291 2016 2334 2114 ἢ

188 2133 433 2194 πενίαν
477 2120 914 2214 ὀδυρομένους
956 2117 999 2217 ἢ
1061 2126 1271 2215 φυγὴν
1331 2127 1879 2213 δυσχεραίνοντας
1935 2118 1976 2215 ἢ
2030 2131 2234 2218 γῆρας
2290 2119 2333 2216 ἢ

188 2229 387 2297 νόσον
435 2228 872 2314 αἰτιωμένους
925 2227 1043 2296 σὺν
1097 2230 1337 2316 γέλωτι
1394 2234 1889 2314 παρεμυθεῖτο,
1950 2222 2063 2312 οὐχ
2121 2225 2331 2314 ὁρῶν-

182 2357 303 2409 τας
351 2325 462 2400 gn
504 2331 671 2416 μετὰ
731 2331 968 2416 μικρὸν
1029 2326 1254 2409 αὐτοῖς
1312 2331 1644 2398 παύσεται
1701 2332 1821 2416 μὲν
1877 2330 1960 2397 τὰ
2020 2326 2328 2412 ἀνιῶντα,

86 2447 166 2497 379
182 2434 362 2523 λήθη
413 2434 488 2501 δέ
530 2458 632 2512 τις
678 2429 955 2521 ἀγαθῶν
990 2437 1101 2502 καὶ
1131 2437 1347 2500 κακῶν
1375 2436 1489 2500 καὶ
1520 2432 1873 2518 ἐλευθερία
1902 2432 2119 2519 μακρὰ
2154 2434 2329 2501 πάν-

183 2561 304 2614 τας
339 2535 407 2602 ἓν
440 2530 644 2623 ὀλίγῳ
674 2536 1155 2625 καταλήψεται.
1225 2540 1283 2601 9.
1317 2534 1508 2619 ἔμελε
1539 2536 1610 2602 δὲ
1643 2529 1821 2621 αὐτῶ
1852 2538 1959 2602 καὶ
1996 2529 2327 2624 ἀδελφοὺς
2359 2540 2397 2595 9

185 2636 669 2717 στασιάζοντας
714 2637 1134 2705 διαλλάττειν
1178 2640 1289 2704 καὶ
1333 2637 1589 2723 γυναιξὶ
1634 2636 1807 2724 πρὸς
1850 2635 2005 2715 τοὺς
2045 2662 2330 2727 γεγαμη-

183 2740 384 2818 κότας
433 2740 693 2829 εἰρήνην
751 2739 1217 2826 πρυτανεύειν·
1275 2746 1388 2807 καί
1444 2764 1580 2807 που
1633 2745 1739 2806 καὶ
1802 2739 2038 2830 δήμοις
2093 2767 2330 2828 ταρατ-

186 2848 502 2927 τομένοις
568 2842 865 2927 ἐμμελῶς
930 2843 1239 2930 διελέχθη
1306 2846 1416 2910 καὶ
1483 2841 1638 2921 τοὺς
1703 2845 2061 2921 πλείστους
2119 2839 2333 2912 αὐτῶν

186 2945 458 3012 >ε’πεισεν
502 2941 857 3032 ὑπουργεῖν
900 2949 983 3033 τῇ
1019 2946 1297 3033 πατρίδι
1328 2943 1412 3010 τὰ
1442 2949 1699 3029 μέτρια.
1788 2943 2091 3024 τοιοῦτός
2120 2972 2223 3025 τις
2252 2932 2332 3038 ἦν

187 3043 221 3114 ὅ
267 3046 524 3133 τρόπος
566 3052 682 3138 τῆς
727 3050 1142 3136 φιλοσοφίας
1188 3042 1423 3129 αὐτοῦ,
1482 3051 1702 3135 πρᾶος
1754 3052 1864 3115 καὶ
1923 3041 2165 3137 ἥμερος
2220 3051 2331 3116 καὶ

188 3151 498 3240 φαιδρός.
589 3157 687 3217 10.
732 3150 938 3235 μόνον
985 3145 1185 3217 αὐτὸν
1228 3144 1383 3235 ἠνία
1430 3152 1631 3271 φίλου
1686 3149 1881 3228 νόσος
1924 3178 1962 3238 η
2008 3150 2330 3234 θάνατος,
2362 3152 2436 3208 1⁰

187 3280 278 3332 ως
325 3281 408 3320 αν
450 3255 563 3319 καὶ
618 3253 693 3319 τὸ
740 3258 1050 3339 μέγιστον
1104 3256 1239 3318 τῶν
1298 3251 1365 3318 ἐν
1423 3246 1820 3339 ἀνθρώποις
1878 3247 2156 3338 ἀγαθῶν
2213 3253 2331 3342 τὴν

188 3358 427 3444 φιλίαν
468 3351 860 3443 ἡγούμενον·
905 3359 1016 3422 καὶ
1063 3354 1174 3423 διὰ
1218 3359 1415 3422 τοῦτο
1464 3357 1660 3442 φίλος
1702 3356 1823 3439 μὲν
1862 3381 1943 3442 ην
1974 3348 2193 3425 άπασι
2220 3360 2333 3424 καὶ

187 3453 303 3526 οῦκ
348 3457 533 3524 ε’στιν
578 3449 807 3525 όντινα
853 3451 968 3524 οῦκ
1013 3456 1258 3524 οἰκεῖον
1304 3456 1628 3541 ενόμιζεν,
1689 3453 2062 3542 α’νθρωπόν
2103 3484 2176 3545 γε
2221 3454 2333 3525 όν-

185 3587 290 3628 τα.
381 3562 590 3626 πλέον
636 3549 793 3625 δὲ”
751 3587 788 3645 η
839 3559 1110 3626 ε’λαττον
1156 3559 1376 3647 ε’χαιρε
1422 3582 1634 3625 συνων
1680 3559 1882 3638 ενίοις
1927 3553 2163 3641 αυτῶν,
2208 3561 2333 3646 μό·

188 3685 341 3739 νους
386 3660 813 3744 εξιστάμενος
855 3659 1106 3728 ὁπόσοι
1150 3651 1229 3727 άν
1275 3660 1544 3727 εδόκουν
1592 3653 1772 3747 αὐτῷ
1827 3657 1998 3784 ὑπὲρ
2054 3688 2173 3751 την
2217 3666 2335 3750 τῆς

188 3769 572 3848 θεραπείας
617 3762 860 3829 ελπίδα
908 3763 1402 3848 διαμαρτάνειν.
1490 3766 1601 3830 καὶ
1646 3766 1857 3830 ταῦτα
1901 3764 2124 3830 πάντα
2165 3761 2334 3848 μετὰ

189 3873 514 3950 Χαρίτων
556 3868 666 3932 καὶ
705 3860 1113 3954 Ἀφροδίτης
1160 3859 1361 3951 αὐτῆς
1405 3865 1693 3951 ε’πραττέ
1721 3890 1794 3932 τε
1822 3869 1934 3933 καὶ
1965 3865 2197 3951 ε’λεγεν,
2244 3861 2335 3943 ὥς

191 3961 331 4049 ἀεί,
390 3965 467 4034 τὸ
525 3966 814 4052 κωμικὸν
873 3966 1114 4049 ἐκεῖνο,
1171 3966 1290 4054 τὴν
1335 3965 1564 4034 πειθώ
1612 3982 1754 4046 τοῖς
1800 3970 2085 4049 χείλεσιν
2133 3962 2335 4034 αὐτοῦ
