2800 4500
1071 244 1357 306 ΦΑΛΑΡΙΣ
1380 246 1438 300 Δ.
2253 242 2335 301 93

204 414 390 484 πόλει
436 415 789 504 δημοτικὸν
834 417 1119 502 ἐμαυτὸν
1161 420 1500 501 παρέχων,
1545 428 1689 493 τοῖς
1734 413 1805 480 δὲ
1851 414 2336 497 συμπολιτευο-

204 524 415 603 μένοις
460 518 720 609 ἐπιεικῆ
762 522 875 587 καὶ
918 525 1224 606 μέτριον,
1281 524 1511 602 βίαιον
1557 515 1628 583 δὲ
1672 506 1716 605 ἢ
1761 514 1994 583 σκαιὸν
2048 506 2092 603 ἢ
2149 511 2336 600 ὓβρι-

207 620 418 688 στικόν
459 610 503 708 ἢ
549 615 969 688 αὐθέκαστον
1014 616 1235 698 οὐδεὶς
1277 615 1471 688 οὐδὲν
1516 618 1825 686 ἐπεκάλει
1867 641 1986 702 μοι
2027 620 2125 703 τῷ
2170 641 2341 702 προ-

205 727 360 810 τέρῳ
404 722 633 811 ἐκείνῳ
663 729 815 811 βίῳ.
904 723 1137 810 ἐπειδὴ
1172 724 1244 790 δὲ
1274 721 1499 805 ἑώρων
1529 720 1684 800 τοὺς
1712 714 2034 790 τᾶναντία
2061 745 2181 804 μοι
2211 745 2341 786 πο-

201 828 656 911 λιτευομένους
722 825 1280 912 ἐπιβουλεύοντας
1345 828 1459 893 καὶ
1526 823 1600 903 ἐξ
1664 817 1965 901 ἅπαντος
2033 817 2338 910 [τρόπου]

205 921 451 996 ἀνελεῖν
492 953 577 1012 με
623 928 976 1016 ζητοῦντας
1023 966 1098 982 -
1150 927 1425 1015 διῄρητο
1459 927 1531 994 δὲ
1557 923 1745 1012 ἡμῶν
1774 925 1929 993 τότε
1958 919 1998 1015 ἦ
2029 924 2231 1003 πόλις
2262 961 2342 972 --

201 1036 351 1114 μίαν
394 1031 643 1119 ταύτην
687 1025 1045 1120 ἀποφυγὴν
1088 1033 1201 1098 καὶ
1248 1024 1658 1119 ἀσφάλειαν,
1718 1021 2016 1116 εὕρισκον
2060 1025 2181 1114 τὴν
2226 1021 2343 1093 αύ-

39 1175 40 1182 1
117 1133 311 1222 189τὴν
355 1126 499 1217 ἅμα
542 1136 654 1204 καὶ
696 1136 779 1220 τῷ
824 1132 1025 1200 πόλει
1067 1138 1434 1219 σωτηρίαν,
1495 1131 1555 1198 εἰ
1600 1129 2007 1215 ἐπιθέμενος
2050 1133 2132 1217 τῇ
2179 1122 2343 1217 ἆρχῇ

39 1235 42 1244 '
202 1234 481 1314 ἐκείνους
523 1236 644 1319 μὲν
690 1229 1158 1320 ἀναστείλαιμι
1201 1237 1313 1302 καὶ
1371 1233 1713 1317 παύσαιμι
1769 1232 2342 1317 ἐπιβουλεύοντας,

197 1337 307 1426 τὴν
351 1338 559 1405 πόλιν
606 1338 676 1404 δὲ
723 1350 1100 1426 σωφρονεῖν
1159 1335 1765 1423 καταναγκάσαιμι·
1823 1339 1935 1404 καὶ
1991 1321 2162 1424 ἦσαν
2218 1333 2343 1423 γὰρ

201 1436 306 1509 ούκ
350 1436 572 1526 ὀλίγοι
615 1444 826 1507 ταῦτα
886 1439 1346 1520 ἐπαινοῦντες,
1409 1435 1642 1527 ἄνδρες
1683 1444 1950 1524 μέτριοι
1990 1441 2103 1505 καὶ
2149 1442 2345 1526 φιλο-

198 1539 488 1625 πόλιδες,
535 1547 604 1610 οἳ
643 1546 758 1611 καὶ
799 1542 922 1633 τὴν
961 1542 1226 1631 γνώμην
1268 1539 1519 1630 ᾔδεσαν
1560 1540 1681 1629 τὴν
1712 1540 1872 1630 ἐμὴν
1901 1544 2010 1608 καὶ
2043 1545 2162 1628 τῆς
2191 1540 2344 1609 ἐπι-

193 1646 550 1735 χειρήσεως
605 1644 725 1731 τὴν
783 1639 1089 1733 ἀνάγκην.
1187 1645 1455 1723 τούτοις
1522 1658 2045 1730 συναγωνισταῖς
2094 1645 2344 1732 χρησά-

196 1773 388 1832 μενος
431 1747 683 1836 ῥᾳδίως
730 1741 1058 1836 ἐκράτησα
1100 1751 1218 1834 τῆς
1260 1746 1749 1836 ἐπιχειρήσεως.
1841 1752 1898 1813 3.
1945 1740 2342 1813 τούντεῦθεν
2376 1760 2415 1816 8

197 1852 259 1918 οἱ
298 1852 424 1934 μὲν
472 1844 691 1917 οὖκέτι
736 1848 1122 1934 ἐτάραττον,
1183 1844 1332 1916 ἀλλ’
1384 1847 1754 1938 ὑπήκουον,
1815 1847 1940 1936 ἐγώ
2000 1850 2073 1917 δὲ
2128 1875 2345 1936 ηρχον,

195 1947 232 2037 ἡ
273 1947 482 2029 πόλις
528 1952 600 2018 δὲ
645 1945 1101 2029 ἀστασίαστος
1143 1937 1246 2041 ἦν.
1337 1952 1604 2039 σφαγὰς
1649 1942 1807 2019 δὲ”
1764 1979 1803 2039 η
1852 1943 2186 2031 badam*
2144 1979 2182 2038 η
2233 1954 2347 2042 δη-

194 2055 461 2139 μεύσεις
535 2048 687 2122 ουδὲ
757 2053 926 2122 κατὰ
1000 2058 1134 2121 τῶν
1210 2053 1858 2140 ἐπιβεβουλευκότων
1934 2056 2347 2156 εἰργαζόμην

196 2165 413 2227 καίτοι
457 2151 819 2244 ἀναγκαῖον
862 2157 947 2226 τὰ
989 2160 1275 2224 τοιαῦτα
1317 2161 1573 2243 τολμᾶν
1627 2158 1695 2225 ἐν
1754 2153 1920 2247 ἆρχῇ
1977 2164 2096 2247 τῆς
2153 2160 2349 2225 δυνα-

200 2268 420 2341 στείας
463 2261 789 2345 μάλιστα·
850 2262 1348 2350 φιλανθρωπίᾳ
1392 2261 1519 2349 γὰρ
1565 2265 1679 2330 καὶ
1723 2263 2055 2351 πρᾳότητι
2099 2266 2208 2329 καὶ
2253 2267 2351 2349 τῶ

199 2360 419 2451 ἡμέρῳ
463 2357 590 2442 κᾶξ
632 2363 972 2447 ἰσοτιμίας
992 2364 1460 2448 θαυμασίως’
1432 2363 1557 2451 εγὼ
1587 2361 1869 2454 ἤλπιζον
1900 2364 1968 2442 ἐς
1996 2365 2070 2432 τὸ
2107 2371 2350 2432 πείθε-

202 2472 370 2534 σθαι
402 2464 879 2553 προσάξεσθαι
906 2465 1203 2545 τούτους.
1289 2460 1499 2546 εὐθὺς
1540 2471 1697 2553 γοῦν
1728 2481 1870 2547 τοῖς
1912 2469 2034 2553 μὲν
2082 2467 2353 2554 ἐχθροῖς

205 2567 573 2655 ἐσπείσμην
614 2570 729 2635 καὶ
773 2568 1199 2656 διηλλάγμην,
1245 2571 1359 2635 καὶ
1407 2568 1808 2654 συμβούλοις
1842 2574 1952 2638 καὶ
1984 2577 2355 2650 συνεστίοις

206 2669 501 2760 ἐχρώμην
544 2684 688 2749 τοῖς
732 2673 1081 2749 πλείστοις
1125 2666 1363 2739 αὐτῶν.
1451 2671 1570 2760 τὴν
1610 2673 1683 2739 δὲ
1714 2673 1917 2741 πόλιν
1949 2668 2151 2764 αὐτὴν
2182 2671 2355 2764 ὁρῶν

126 2767 532 2862 Ῑθοόλιγωρίᾳ
585 2776 721 2841 τῶν
778 2773 1223 2861 προεστώτων
1283 2775 1817 2863 διεφθαρμένην,
1884 2781 2019 2843 τῶν
2087 2781 2356 2846 πολλῶν

203 2874 657 2954 κλεπτόντων,
722 2877 979 2958 μᾶλλον
1046 2875 1118 2942 δὲ
1175 2872 1612 2961 ἁρπαζόντων
1667 2876 1754 2945 τὰ
1807 2879 2028 2963 κοινά,
2096 2877 2356 2949 ὑδάτων

203 3004 276 3045 τε
332 2978 717 3103 ἐπιρροίαις
774 2974 1230 3067 ἀνεκτησάμην
1284 2982 1395 3046 καὶ
1464 2980 2012 3069 οἰκοδομημάτων
2066 2976 2357 3052 ἆναστά-

210 3102 395 3148 σεσιν
458 3078 795 3167 ἐκόσμησα
849 3084 960 3148 καὶ
1014 3084 1250 3164 τειχῶν
1308 3084 1638 3169 περιβολῇ
1694 3081 2013 3168 ἐκράτυνα
2069 3089 2179 3151 καὶ
2235 3085 2359 3164 τὰς

209 3182 624 3267 προσόδους,
669 3178 827 3249 όσαι
869 3167 1040 3268 ἦσαν
1082 3189 1330 3265 κοιναί,
1375 3187 1461 3272 τῇ
1501 3188 1635 3252 τῶν
1681 3184 2077 3273 ἐφεστώτων
2122 3186 2359 3271 ἐπιμε-

214 3286 358 3373 λείᾳ
431 3285 685 3373 ῥᾳδίως
757 3279 1097 3373 ἐπηύξησα
1161 3289 1269 3353 καὶ
1337 3290 1457 3373 τῆς
1522 3290 1830 3366 νεολαίας
1903 3287 2360 3378 ἐπεμελούμην

213 3390 320 3453 καὶ
385 3389 522 3453 τῶν
586 3384 914 3474 γερόντων
971 3382 1340 3472 προύνόουν
1394 3391 1505 3456 καὶ
1570 3388 1689 3455 τὸν
1756 3391 1962 3478 δῆμον
2031 3391 2099 3458 ἐν
2164 3398 2365 3471 θέαις

215 3492 326 3556 καὶ
371 3489 727 3571 διανομαῖς
784 3513 893 3556 και
952 3490 1361 3578 πανηγύρεσι
1417 3494 1526 3557 καὶ
1587 3492 2062 3580 δημοθοινίαις
2119 3496 2363 3585 διῆγον,

216 3587 406 3675 ῧβρις
472 3589 547 3656 δὲ
613 3594 980 3674 παρθένων
1043 3616 1082 3676 η
1153 3590 1422 3679 ἐφήβων
1489 3592 1871 3680 διαφθοραὶ
1937 3622 1975 3682 η
2043 3601 2366 3682 γυναικῶν

220 3684 578 3778 ἀπαγωγαὶ
621 3681 663 3780 ἢ
696 3691 1087 3778 δορυφόρων
1119 3691 1539 3780 ἐπιπέμψεις
1566 3685 1608 3781 ἢ
1641 3696 2003 3786 δεσποτική
2035 3724 2136 3776 τις
2167 3693 2365 3765 ἄπει-

221 3792 296 3879 λὴ
348 3788 792 3881 ἀποτρόπαιά
833 3821 953 3879 μοι
997 3799 1116 3866 καὶ
1154 3789 1439 3864 ἀκοῦσαι
1479 3795 1578 3885 ἠν.
1670 3806 1729 3864 4.
1774 3794 1898 3887 ἤδη
1946 3800 2019 3866 δὲ
2061 3803 2170 3867 καὶ
2204 3802 2361 3888 περὶ
2398 3816 2436 3869 4

221 3899 343 3961 τοῦ
387 3892 663 3984 ἀφεῖναι
705 3922 827 4017 την
887 3891 1089 3986 ἀρχὴν
1143 3901 1254 3966 καὶ
1312 3905 1745 3967 καταθέσθαι
1799 3899 1918 3991 τὴν
1976 3902 2367 3971 δυναστείαν

227 3995 678 4083 ἐσκοπούμην,
737 3992 929 4078 όπως
970 4000 1175 4085 μόνον
1220 3995 1543 4089 ἀσφαλῶς
1584 4004 1923 4071 παύσαιτο
1969 4031 2050 4070 αν
2102 4030 2206 4083 τις
2265 4006 2368 4073 ἐν-
