2800 4500
431 228 512 287 38
1312 228 1687 283 ΔΟΥΚΙΑΝΟΥ

424 404 640 484 χωρία
684 399 792 463 καὶ
841 396 1224 483 ἐργάζονται
1261 396 1378 463 τὸν
1403 396 1646 480 χαλκὸν
1690 390 1885 464 ῧδατι
1928 393 2415 483 ὖποβρέξαντες
2444 391 2574 464 ὥσ·-
2733 408 2734 473 1

429 524 559 582 περ
586 497 671 565 τὰ
710 499 878 586 ἔρια.
968 501 1125 584 περὶ
1168 504 1395 584 μέντοι
1443 503 1574 566 τῶν
1618 493 2020 587 ὂφθαλμῶν,
2069 500 2253 578 οἵους
2297 499 2571 583 ἔχουσιν,

426 595 599 669 ὀκνῶ
653 602 773 685 μὲν
832 601 1080 679 εἰπεῖν,
1136 600 1225 690 μή
1284 608 1389 679 τίς
1444 627 1528 686 με
1586 607 1825 689 νομίσῃ
1883 601 2270 687 ψεύδεσθαι
2329 602 2442 669 διὰ
2497 602 2570 670 τὸ

430 701 719 771 ἄπιστον
748 708 868 771 τοῦ
903 703 1121 790 λόγου.
1197 701 1380 787 ὅμως
1413 704 1626 771 δὲκαὶ
1660 708 1856 771 τοῦτο
1903 704 2062 791 ἐρῶ·
2107 703 2264 782 τοὺς
2306 706 2576 793 ὀφθαλ-

425 805 593 891 μοὺς
650 805 1027 892 ἐξαιρετούς
1084 805 1339 888 ἔχουσι,
1405 809 1517 873 καὶ
1577 803 1612 873 ὁ
1670 806 2074 892 βουλόμενος
2129 805 2371 885 ἐξελῶν
2423 806 2578 886 τοὺς

428 906 631 976 αὑτοῦ
689 907 1012 997 φυλάττει
1064 902 1211 975 ’ἐστ’
1277 899 1357 975 ἂν
1415 909 1630 999 δεηθῇ
1689 910 1888 977 ἰδεῖν·
1949 902 2124 976 οῧτω
2170 904 2234 975 δ’
2302 909 2578 995 ἐνθέμε-
2597 935 2650 987 91

429 1036 539 1089 νος
583 1008 745 1099 ὁρᾷ·
803 1014 917 1079 καὶ
961 1013 1203 1079 πολλοὶ
1261 1010 1418 1090 τοὺς
1477 1017 1840 1100 σφετέρους
1895 1006 2349 1091 ἀπολέσαντες
2407 1006 2571 1096 παρ’

428 1110 648 1182 ἄλλων
690 1114 1095 1203 χρησάμενοι
1149 1111 1415 1201 ὁρῶσιν.
1505 1114 1636 1182 εἶσὶ
1684 1108 1749 1181 δ’
1802 1118 1868 1183 οἳ
1908 1119 2022 1183 καὶ
2065 1115 2359 1194 πολλοὺς
2404 1110 2579 1183 ἀπο·

425 1222 671 1294 θέτους
715 1216 993 1298 ἔχουσιν.
1079 1215 1163 1282 τὰ
1196 1202 1337 1283 ῶτα
1370 1217 1442 1284 δὲ
1472 1217 1832 1283 πλατάνων
1876 1218 2097 1305 φύλλα
2130 1217 2308 1284 ἐστὶν
2355 1211 2582 1296 αὐτοῖς

432 1317 609 1404 πλήν
638 1342 711 1404 γε
751 1332 897 1397 τοῖς
942 1312 1080 1386 ἀπὸ
1128 1322 1258 1386 τῶν
1299 1319 1642 1405 βαλάνων·
1690 1319 1927 1389 ἐκεῖνοι
1956 1320 2082 1406 γὰρ
2115 1319 2312 1404 μόνοι
2357 1318 2583 1398 ξύλινα

324 1434 401 1492 26
429 1420 670 1502 ἔχουσι.
760 1426 864 1488 26.
909 1423 1018 1487 καὶ
1062 1421 1191 1510 μὴν
1234 1424 1344 1489 καὶ
1393 1416 1556 1488 ἄλλο
1601 1426 1837 1506 θαῦμα
1891 1421 1958 1488 ἐν
2011 1436 2159 1501 τοῖς
2212 1424 2584 1507 βασιλείοις

429 1522 852 1611 ἐθεασάμην·
931 1521 1307 1610 κάτοπτρον
1378 1528 1692 1609 μέγιστον
1762 1537 1975 1590 κεῖται
2048 1520 2220 1611 ὑπὲρ
2294 1528 2582 1611 φρέατος

429 1617 505 1691 οὗ
551 1624 728 1691 πάνυ
773 1629 1050 1708 βαθέος.
1141 1615 1221 1692 ἂν
1263 1626 1384 1708 μὲν
1446 1611 1559 1692 οὗν
1617 1624 1684 1704 ἐς
1740 1624 1814 1691 τὸ
1879 1630 2093 1713 φρέαρ
2148 1628 2408 1712 καταβῇ
2462 1649 2581 1705 τις,

428 1719 654 1793 ἀκούει
726 1726 999 1792 πάντων
1071 1731 1204 1794 τῶν
1278 1721 1444 1815 παρ’
1523 1724 1682 1815 ἡμῖν
1754 1724 1822 1794 ἐν
1896 1730 1976 1814 τῇ
2047 1730 2125 1814 γῇ
2195 1726 2581 1811 λεγομένων,

427 1826 543 1894 ἐὰν
588 1827 660 1893 δὲ
715 1826 783 1906 ἐς
837 1827 914 1896 τὸ
973 1827 1352 1911 κάτοπτρον
1411 1830 1805 1916 ἀποβλέψῃ,
1864 1827 2092 1907 πάσας
2148 1829 2268 1912 μὲν
2326 1827 2580 1905 πόλεις,

425 1927 653 1995 πάντα
700 1929 771 1996 δὲ
816 1929 981 2019 ἔθνη
1040 1926 1168 2019 ὁρᾷ
1224 1924 1454 2019 ὥσπερ
1513 1929 1812 2020 ἐφεστώς
1868 1928 2203 2008 ἑκάστοις·
2259 1929 2417 1996 τότε
2475 1932 2580 1996 καὶ

425 2029 583 2107 τοὺς
627 2030 912 2110 οἰκείους
957 2031 1082 2119 ἐγώ
1130 2028 1520 2122 ἐθεασάμην
1562 2035 1673 2099 καὶ
1721 2036 1950 2100 πᾶσαν
1990 2031 2109 2120 τὴν
2155 2032 2480 2118 πατρίδα,
2526 2030 2583 2097 εἰ

429 2132 500 2198 δὲ
528 2127 824 2200 κάκεῖνοι
868 2132 983 2218 ἐμὲ
1027 2134 1273 2221 ἐώρων,
1322 2129 1441 2203 οἰκ
1471 2136 1595 2218 ἔχω
1625 2134 1701 2203 τὸ
1736 2129 2037 2223 ἀσφαλὲς
2082 2133 2320 2202 εἰπεῖν.
2396 2126 2582 2211 ὅστις

429 2235 499 2302 δὲ
543 2238 756 2304 ταῦτα
812 2235 900 2322 μὴ
948 2237 1254 2306 πιστεύει
1311 2231 1524 2317 οὕτως
1580 2237 1784 2321 ἔχειν,
1844 2231 1925 2303 ἀν
1982 2262 2152 2304 ποτε
2208 2238 2319 2304 καὶ
2380 2229 2579 2316 αὐτὸς

340 2354 410 2410 27
431 2336 640 2405 ἐκεῖσε
684 2333 1025 2428 ἀφίκηται,
1073 2342 1329 2410 εἴσεται
1359 2337 1452 2419 ῶς
1493 2335 1720 2429 ἀληθῆ
1765 2342 1950 2425 λέγω.
2026 2345 2130 2405 27.
2173 2338 2328 2406 τότε
2361 2334 2425 2405 δ’
2466 2326 2579 2406 οὖν

428 2434 899 2525 ἀσπασάμενοι
940 2442 1059 2510 τὸν
1101 2446 1387 2526 βασιλέα
1431 2445 1542 2509 καὶ
1582 2440 1737 2520 τοὺς
1782 2434 1958 2529 ἀμφ’
2013 2435 2213 2508 αὐτὸν
2260 2437 2581 2526 ἐμβάντες

427 2536 841 2630 ἀνήχθημεν·
901 2543 1050 2629 ἐμοὶ
1104 2544 1176 2610 δὲ
1231 2547 1340 2611 καὶ
1399 2545 1583 2632 δῶρα
1639 2544 1879 2612 ἔδωκεν
1922 2539 1958 2610 ὃ
2001 2536 2401 2627 Ἐνδυμίων,
2462 2544 2576 2611 δύο

425 2643 545 2726 μὲν
589 2648 722 2709 τῶν
767 2640 1056 2712 ὑαλίνων
1095 2645 1425 2728 χιτώνων,
1481 2651 1680 2713 πέντε
1725 2645 1796 2712 δὲ
1835 2647 2149 2727 χαλκοῦς,
2206 2649 2316 2713 καὶ
2365 2670 2579 2713 πανο-

424 2747 636 2810 πλίαν
680 2749 1033 2835 θερμίνην,
1083 2746 1125 2813 ἃ
1173 2747 1418 2822 πάντα,
1444 2747 1511 2814 ἐν
1554 2751 1651 2835 τῷ
1692 2742 1876 2837 κήτει
1916 2750 2298 2815 κατέλιπον.
2391 2751 2578 2815 συνέ-

427 2858 662 2931 πεμψε
707 2846 779 2913 δὲ
821 2844 979 2936 ἡμῖν
1023 2852 1131 2916 καὶ
1172 2845 1626 2936 Ἱππογύπους
1675 2852 1934 2933 χιλίους
1989 2854 2579 2936 παραπέμψοντας

324 2965 400 3022 28
428 2942 580 3035 ἄχρι
625 2950 916 3017 σταδίων
961 2957 1440 3018 πεντακοσίων.
1530 2955 1631 3019 28.
1678 2949 1745 3019 ἐν
1777 2952 1849 3018 δὲ
1878 2955 1975 3038 τῶ
2019 2945 2361 3037 παράπλῳ
2408 2953 2578 3018 πολ·
2598 2974 2653 3026 92

428 3049 548 3128 λὰς
603 3051 723 3133 μὲν
778 3054 889 3120 καὶ
948 3049 1153 3132 ἄλλας
1202 3053 1427 3141 χώρας
1493 3060 2054 3142 παρημείψαμεν,
2122 3057 2579 3140 προσέσχομεν

432 3152 503 3219 δὲ
547 3156 660 3220 καὶ
703 3157 800 3241 τῶ
838 3150 1209 3244 Ἑωσφόρῳ
1268 3150 1420 3241 ἄρτι
1479 3154 1989 3242 συνοικιζομένῳ
2045 3156 2153 3221 καὶ
2203 3148 2581 3239 ἀποβάντες

430 3251 925 3342 ὑδρευσάμεθα.
1017 3255 1335 3341 ἐμβάντες
1381 3257 1453 3323 δὲ
1497 3253 1564 3335 ἐς
1606 3255 1723 3323 τὸν
1753 3255 2102 3324 Ζωδιακὸν
2148 3254 2216 3322 ἐν
2261 3250 2581 3345 ἀριστερᾷ

427 3356 795 3444 παρῄειμεν
838 3357 957 3424 τὸν
999 3350 1188 3447 ἥλιον
1235 3357 1302 3426 ἐν
1340 3361 1481 3445 χρῷ
1528 3356 1667 3444 [τήν
1710 3355 1851 3447 γῆν]
1896 3360 2444 3446 παραπλέοντες·
2507 3351 2580 3425 οὗ

423 3456 549 3544 γιῗρ
597 3451 938 3545 ἀπέβημεν
981 3467 1203 3528 καίτοι
1261 3458 1472 3527 nom-c
1524 3463 1656 3526 τῶν
1701 3459 1982 3545 ἑταίρων
2044 3459 2579 3543 ἐπιθυμοίντων,

426 3553 577 3627 ἀλλ’
631 3556 665 3627 ὃ
715 3557 956 3646 ἄνεμος
1003 3555 1118 3629 οὗκ
1163 3561 1421 3650 ἐφῆκεν.
1512 3560 1878 3644 ἐθεώμεθα
1921 3568 2150 3648 μέντοι
2194 3561 2314 3652 τὴν
2355 3563 2580 3650 χώραν

426 3656 684 3751 εὐθαλῆ
740 3688 812 3730 τε
866 3666 979 3731 καὶ
1035 3670 1244 3731 πίονα
1298 3666 1408 3730 καὶ
1479 3658 1751 3748 εὔυδρον
1805 3668 1919 3731 καὶ
1974 3666 2245 3731 πολλῶν
2302 3663 2583 3752 ἀγαθῶν

423 3763 691 3852 μεστήν.
784 3764 1038 3843 ἰδόντες
1085 3765 1156 3831 δὲ
1199 3761 1376 3849 ἡμᾶς
1422 3766 1489 3832 οἱ
1533 3767 2183 3853 Νεφελοκένταυροι,
2229 3771 2581 3854 μισθοφο-

427 3870 694 3952 ροῦντες
758 3865 946 3951 παρὰ
1007 3871 1104 3953 τῷ
1168 3871 1548 3947 Φαέθοντι,
1618 3866 2005 3954 ἐπέπτησαν
2074 3864 2189 3934 ἐπὶ
2245 3866 2364 3957 τὴν
2424 3872 2582 3935 ναῦν

324 3985 401 4039 29
426 3969 539 4033 καὶ
583 3967 922 4051 μαθόντες
966 3966 1374 4045 ἐνσπόνδους
1422 3962 1860 4056 ἀνεχώρησαν.
1951 3974 2052 4035 29.
2100 3963 2225 4057 ἤδη
2269 3968 2341 4035 δὲ
2371 3972 2485 4035 καὶ
2515 3970 2581 4036 οἱ
