2800 4500
732 240 863 292 1102
897 242 1003 294 ΔΕΙ
1036 241 1339 295 ΙΣΤΟΡΙΑΝ
1377 242 1796 297 ΣΥΓΓΡΑΦΕΙΝ.
2264 244 2341 302 19

362 412 463 475 37.
509 411 649 476 Καὶ
678 416 902 476 τοίνυν
945 413 1057 478 καὶ
1101 405 1258 496 ἡμῖν
1292 410 1597 489 τοιοῦτός
1640 435 1743 489 τις
1786 406 1821 477 ὅ
1870 410 2185 501 μαθητὴς
2229 416 2343 479 νῦν
2365 423 2436 478 87

183 505 731 595 παραδεδόσθω,
785 519 1081 579 συνεῖναί
1124 536 1197 578 τε
1240 516 1350 579 καὶ
1398 512 1615 580 εἰπεῖν
1663 508 1778 579 οὐκ
1823 507 2124 600 ἀγεννής,
2186 508 2339 580 ἀλλ’

136 660 140 664 -
183 605 300 689 ὀξὺ
352 612 712 698 δεδορκώς,
761 612 904 692 οἶος
947 616 1054 680 καὶ
1103 613 1455 700 πράγμασι
1493 614 1883 702 χρήσασθαι
1929 611 2037 696 ἄν,
2087 615 2147 682 εἰ
2193 615 2344 683 ἐπι-

180 720 506 801 τραπείη,
565 707 734 780 ἀλλὰ
779 717 892 780 καὶ
932 714 1192 803 γνώμην
1239 714 1721 803 στρατιωτικήν
1764 715 1937 799 μετὰ
1981 720 2098 805 τῆς
2144 718 2345 784 πολι-

179 818 370 906 τικῆς
416 819 527 882 καὶ
573 814 930 903 ἐμπειρίαν
976 816 1413 905 στρατηγικὴν
1457 817 1641 900 ἔχων,
1687 819 1797 884 καὶ
1829 816 1906 906 νὴ
1936 824 2076 885 Δία
2119 821 2231 885 καὶ
2276 817 2345 884 ἐν

181 917 626 1015 στρατοπέδω
672 917 955 1042 γεγονώς
999 944 1168 985 ποτε
1210 922 1324 986 καὶ
1367 910 1978 1004 γυμναζομένους”
1940 946 1975 1007 η
2021 925 2343 1003 ταττομέ-

180 1044 336 1097 νους
401 1020 816 1104 στρατιώτας
875 1019 1184 1106 ἑωρακώς
1226 1024 1337 1089 καὶ
1398 1014 1583 1087 όπλα
1630 1020 1827 1099 εἰδώς
1881 1024 1993 1089 καὶ
2050 1021 2344 1140 μηχανή-

177 1148 364 1205 ματα
424 1121 536 1188 οἶα
592 1125 701 1189 καὶ
764 1127 835 1188 τί
891 1121 1006 1189 ἐπὶ
1065 1127 1273 1209 κέρως
1327 1125 1441 1189 καὶ
1484 1130 1554 1190 τί
1612 1123 1726 1190 ἐπὶ
1783 1121 2133 1207 μετώπου,
2196 1127 2344 1202 πῶς·

179 1226 244 1290 οἱ
303 1226 529 1307 λόχοι,
588 1228 738 1302 πῶς
783 1225 850 1292 οἱ
905 1225 1143 1303 ἱππεῖς
1196 1229 1309 1292 καὶ
1355 1225 1580 1292 πόθεν
1623 1230 1732 1294 καὶ
1789 1232 1859 1293 τί
1902 1217 2343 1305 ἐξελίττειν
2301 1253 2338 1311 η

178 1329 648 1411 περιελίττειν,
693 1329 805 1393 καὶ
853 1319 1045 1407 ὅλως,
1092 1322 1168 1393 οὗ
1214 1330 1348 1393 τῶν
1383 1328 1807 1395 κατοικιδίων
1851 1353 1953 1405 τις
1998 1322 2143 1395 οὐδ’
2196 1328 2339 1405 οἶος

180 1428 529 1496 πιστεύειν
571 1427 779 1512 μόνον
824 1442 968 1507 τοῖς
1014 1423 1528 1514 ἀπαγγέλλουσι.
1619 1435 1720 1496 38.
1769 1429 2068 1513 μάλιστα
2114 1430 2186 1497 δὲ
2230 1434 2441 1498 καὶ38

179 1531 312 1618 πρὸ
376 1534 512 1597 τῶν
570 1530 845 1597 πάντων
902 1530 1256 1615 ἐλεύθερος
1313 1530 1485 1597 ε’στω
1542 1530 1661 1622 τὴν
1696 1531 1967 1657 γνώμην
2020 1535 2129 1598 καὶ
2174 1533 2342 1620 μήτε

104 1648 155 1696 50
176 1637 541 1719 φοβείσθω
570 1633 824 1721 μηδένα
852 1633 1020 1720 μήτε
1057 1632 1382 1712 ἐλπιζέτω
1413 1633 1639 1720 μηδέν,
1688 1631 1838 1700 ἐπεὶ
1884 1627 2120 1718 όμοιος
2151 1633 2341 1701 ἔσται

175 1748 318 1812 τοῖς
390 1732 679 1821 φαύλοις
743 1734 1091 1811 δικασταῖς
1153 1733 1326 1815 πρὸς
1378 1733 1574 1821 χάριν
1631 1725 1671 1821 ἢ
1731 1733 1906 1819 πρὸς
1965 1730 2339 1818 ἀπέχθειαν

179 1836 291 1904 ἐπὶ
338 1839 582 1922 μισθῷ
629 1836 1026 1916 δικάζουσιν.
1116 1830 1285 1902 άλλὰ
1331 1835 1421 1926 μὴ
1469 1839 1725 1920 μελέτω
1773 1831 1953 1923 αὐτῷ
1997 1837 2163 1926 μήτε
2212 1844 2340 1904 Φί-

180 1941 444 2016 λιππος
489 1938 549 2005 εἰ
595 1937 1063 2022 ἐκκεκομμένος
1105 1938 1223 2005 τὸν
1277 1933 1643 2026 ὀφθαλμὸν
1688 1934 1819 2006 ὑπὸ
1862 1933 2177 2027 Ἀστέρος
2221 1944 2340 2006 τοῦ

178 2034 678 2128 Ἀμφιπολίτου
736 2043 855 2107 τοῦ
910 2039 1187 2118 τοξότου
1245 2040 1313 2105 έν
1348 2034 1656 2127 Ὀλύνθῳ
1708 2044 2012 2119 τοιοῦτος
2070 2041 2212 2119 οἷος
2261 2028 2340 2128 ἦν

183 2141 651 2230 δειχθήσεται·
697 2135 855 2231 μήτ’
893 2136 1324 2230 Ἀλέξανδρος
1369 2142 1445 2221 ὃς
1477 2138 1825 2210 ἀνιάσεται
1868 2142 1982 2210 ἐπὶ
2027 2147 2110 2230 τῇ
2140 2145 2339 2209 Κλεί-

181 2270 293 2310 του
357 2247 586 2365 σφαγῇ
644 2236 843 2327 ὠμῶς
901 2242 968 2309 ἐν
1023 2247 1120 2330 τῷ
1180 2252 1538 2330 συμποσίω
1589 2250 1937 2331 γενομένη,
1998 2243 2057 2311 εἰ
2103 2249 2340 2331 σαφιῦς

184 2345 677 2434 ἀναγράφοιτο·
727 2339 880 2413 οὐδὲ
924 2347 1153 2412 Κλέων
1200 2341 1403 2414 αυτὸν
1450 2346 1736 2469 φοβήσει
1780 2351 1950 2431 μέγα
1996 2346 2064 2412 ἐν
2107 2350 2189 2432 τῇ
2235 2346 2338 2413 ἐκ·

181 2452 422 2538 κλησίᾳ
481 2448 843 2532 δυνάμενος
899 2475 1008 2517 και
1065 2454 1354 2531 κατέχων
1412 2448 1487 2515 τὸ
1544 2453 1758 2537 βῆμα,
1824 2445 1940 2568 ιῦςς
1971 2449 2060 2536 μὴ
2120 2449 2337 2517 εἰπεῖν

184 2545 288 2618 ὅτι
347 2550 643 2635 όλεθρος
709 2554 820 2617 καὶ
872 2548 1152 2634 μανικὸς
1210 2546 1582 2636 ανθρωπος
1641 2545 1832 2627 οὗτος
1898 2570 2011 2639 ην·
2081 2544 2233 2618 ουδὲ
2296 2548 2334 2634 ἡ

185 2652 512 2737 σύμπασα
568 2652 771 2730 πόλις
829 2655 962 2718 τῶν
1007 2645 1422 2739 Αθηναίων,
1481 2642 1561 2740 ἢν
1606 2652 1689 2718 τὰ
1749 2651 1816 2718 ἐν
1861 2655 2132 2741 Σικελίᾳ
2173 2652 2338 2719 κακὰ

113 2755 418 2842 51ἶστορῇ
475 2758 587 2821 καὶ
643 2755 763 2843 τὴν
807 2760 1292 2840 Δημοσθένους
1349 2758 1555 2845 λῆψιν
1599 2758 1710 2822 καὶ
1767 2753 1887 2843 τὴν
1935 2762 2173 2823 Νικίου
2232 2781 2338 2821 τε·-

185 2856 413 2946 λευτὴν
469 2860 584 2923 καὶ
629 2853 722 2935 ώς
781 2855 1038 2940 ἐδίψων
1082 2859 1195 2923 καὶ
1240 2856 1382 2923 οἷον
1438 2855 1514 2923 τὸ
1574 2855 1752 2942 ἵδωρ
1801 2856 2034 2924 ἔπινον
2092 2859 2204 2924 καὶ
2249 2853 2339 2934 ὦς

185 2958 579 3046 ἐφονεύοντο
643 2965 952 3036 πίνοντες
1012 2960 1076 3024 οἱ
1134 2960 1400 3025 πολλοί.
1490 2954 1808 3047 ἡγήσεται
1850 2957 1975 3045 γὰρ
2030 2997 2111 3007 -
2170 2952 2338 3044 ὅπερ

187 3061 611 3129 δικαιότατον
643 3099 725 3109 -
755 3054 877 3126 ὑπ’
930 3054 1200 3137 οὐδενὸς
1227 3064 1359 3127 τῶν
1406 3064 1558 3129 νοῦν
1596 3061 1877 3142 ἐχόντων
1924 3055 2125 3139 αὐτὸς
2171 3060 2339 3138 ἕξειν

186 3162 299 3249 τὴν
359 3163 615 3244 αἰτίαν,
678 3153 759 3252 ἢν
814 3162 901 3229 τὰ
958 3164 1293 3246 δυστυχῶς
1348 3154 1389 3248 ἢ
1449 3158 1746 3251 ἀνοήτως
1801 3168 2194 3250 γεγενημένα
2249 3161 2340 3240 (ὃς

188 3264 495 3352 ἐπράχθη
560 3266 899 3354 διηγῆται·
959 3259 1034 3332 οὗ
1090 3264 1216 3351 γὰρ
1276 3266 1563 3355 ποιητὴς
1608 3259 1861 3346 αὐτῶν,
1922 3258 2090 3331 άλλὰ
2135 3290 2339 3352 μηνυ-

189 3368 300 3457 τής
343 3354 488 3455 [ἧν].
560 3368 732 3434 ὥστε
776 3358 896 3435 κᾶν
931 3372 1571 3451 καταναυμαχῶνταί
1614 3392 1802 3448 ποτε,
1853 3360 1968 3433 οὐκ
2012 3366 2256 3444 ἐκεῖνος
2302 3363 2335 3433 o‘

191 3470 533 3537 καταδύων
599 3470 774 3551 ἐστί,
842 3460 964 3536 κᾶν
1032 3470 1399 3558 φεύγωσιν,
1470 3464 1585 3537 οὐκ
1652 3469 1898 3547 ἐκεῖνος
1953 3465 1987 3536 ὁ
2063 3469 2338 3536 διώκων

196 3571 374 3651 ἐκτὸς
419 3574 481 3640 εἰ
523 3569 651 3658 μή,
713 3568 1046 3651 εὔξασθαι
1106 3573 1286 3652 δέον,
1348 3574 1756 3697 παρέλιπεν·
1817 3571 1973 3639 ἐπεί
2014 3579 2122 3638 τοί
2163 3596 2236 3657 γε
2282 3572 2340 3638 εἰ

196 3675 542 3764 σιωπήσας
598 3669 766 3740 αὐτὰ
811 3701 852 3762 η
900 3674 1073 3758 πρὸς
1129 3669 1519 3740 τούναντίον
1578 3672 1789 3740 εἰπών
1850 3673 2339 3759 ἐπανορθώσα-

200 3783 364 3845 σθαι
408 3776 710 3857 ἐδύνατο,
757 3778 1002 3865 ῥᾷστον
1048 3803 1154 3901 ην
1173 3776 1271 3843 ἑνὶ
1316 3775 1594 3861 καλάμῳ
1643 3778 1869 3861 λεπτῷ
1903 3774 2042 3861 [τὸν
2093 3779 2342 3841 Θουκυ-

131 3888 181 3938 52
201 3878 401 3968 δίδην]
449 3874 835 3964 ἀνατρέψαι
863 3879 982 3963 μὲν
1015 3878 1087 3945 τὸ
1127 3878 1193 3944 ἐν
1225 3893 1374 3956 ταῖς
1395 3872 1796 3956 Ἐπιπολαῖς
1827 3883 2340 3997 παρατείχισμα,

200 3985 560 4049 καταδῦσαι
620 3982 691 4047 δὲ
736 3981 854 4068 τὴν
893 3976 1382 4068 Ἑρμοκράτους
1441 3981 1671 4068 τριήρη
1730 3983 1842 4047 καὶ
1886 3977 2003 4045 τὸν
2059 3978 2342 4062 κατάρα-

1967 4080 2037 4132 2*
