2800 4500
1102 247 1388 301 ΦΑΔΑΡΙΣ
1411 248 1467 300 Β.
2239 244 2358 303 101

244 417 304 483 αἱ
340 423 579 505 τροφαί
623 455 707 466 -
746 416 869 507 χρὴ
915 419 1042 505 γὰρ
1087 409 1354 503 τάληθῆ
1412 409 1585 500 πρός
1636 439 1712 501 γε
1752 410 1932 504 ἡμᾶς
1977 408 2217 493 αὖτοὺς
2263 416 2362 481 λέ-

237 543 356 603 γειν
410 558 491 568 -
545 523 660 586 καὶ
716 519 793 586 τὸ
853 519 1205 606 λεγόμενον
1260 513 1395 583 ὖπό
1452 520 1585 583 τῶν
1641 520 1975 605 ποιητῶν,
2044 512 2363 604 ἄσπαρτα

238 617 371 709 ἡμῖν
396 625 508 689 καὶ
538 617 831 709 ἀνήροτα
870 622 1114 711 φύεται
1156 620 1241 687 τὰ
1287 620 1513 686 πάντα
1556 616 1691 687 ὑπὸ
1737 622 2009 706 γεωργῶ
2050 623 2148 706 τῷ
2192 624 2360 706 θεῷ,

155 721 301 801 20589·
327 717 398 790 οὗ
428 724 633 807 μόνον
678 724 763 790 τὰ
800 725 991 811 παρὰ
1022 737 1164 801 τοῖς
1177 715 1484 810 Ἕλλησιν
1531 715 1761 809 ἀγαθὰ
1807 721 2120 809 γινόμενα
2151 727 2364 807 παρέ·

234 850 352 908 χει,
395 819 547 892 ἀλλ’
600 826 667 894 εἴ
706 852 775 894 τι
820 825 889 893 ἐν
938 825 1190 913 Φρυξὶν
1233 816 1276 913 ἢ
1319 824 1585 903 Λυδοῖς
1628 814 1671 909 ἢ
1713 829 2014 910 Πέρσαις
2057 813 2099 911 ἢ
2123 817 2364 890 Ἀσσυ-

235 933 390 1013 ρίοις
417 919 460 1015 ἢ
509 929 821 1008 Φοίνιξιν
857 918 901 1015 ἢ
924 921 1337 1005 Ἰταλιώταις
1367 917 1410 1015 ἢ
1434 923 1898 1013 Ὑπερβορέοις
1933 921 2160 1004 αὐτοῖς
2189 925 2367 993 πάν-

231 1055 305 1095 τα
334 1029 397 1109 ἐς
423 1030 740 1119 Δελφοὺς
769 1024 1174 1119 ἀφικνεῖται.
1246 1032 1359 1096 καὶ
1388 1027 1473 1095 τὰ
1507 1028 1783 1115 δεύτερα
1826 1027 1995 1113 μετὰ
2041 1026 2160 1095 τὸν
2190 1026 2359 1095 θεὸν

233 1127 404 1216 ἡμεῖς
457 1132 823 1217 τιμώμεθα
877 1126 989 1220 ὑφ’
1057 1127 1377 1199 ἁπάντων
1433 1133 1547 1198 καὶ
1614 1123 2030 1215 εὐποροῦμεν
2086 1133 2197 1197 καὶ
2260 1122 2367 1196 εὗ-

232 1233 688 1319 δαιμονοῦμεν·
777 1238 989 1301 ταῦτα
1055 1232 1131 1303 τὸ
1195 1227 1501 1318 ἀρχαῖον,
1567 1235 1781 1299 ταῦτα
1846 1231 1922 1299 τὸ
1980 1237 2173 1316 μέχρι
2229 1236 2362 1319 νῦν,

229 1339 323 1402 καὶ
362 1336 449 1426 μὴ
482 1336 934 1421 παυσαίμεθά
978 1361 1053 1423 γε
1097 1328 1272 1403 οὕτω
1313 1338 1638 1420 βιοῦντες.
1685 1339 1745 1401 9.
1777 1339 2108 1422 μέμνηται
2145 1336 2216 1401 δὲ
2248 1329 2361 1401 οὗ-
2397 1338 2435 1393 9

231 1437 351 1516 δεὶς
384 1439 675 1506 πώποτε
720 1442 957 1528 ψῆφον
1001 1436 1172 1525 ὑπὲρ
1219 1431 1660 1525 ἀναθήματος
1689 1431 1860 1521 παρ’
1913 1432 2072 1524 ἡμῖν
2119 1431 2366 1503 ἀναδο-

227 1544 450 1608 θεῖσαν
510 1535 667 1608 οῦδὲ
721 1543 1114 1608 κωλυθέντα
1170 1539 1324 1608 τινὰ
1381 1540 1581 1608 θύειν
1635 1530 1678 1628 ἢ
1742 1533 2165 1606 ἀνατιθέναι.
2252 1544 2364 1606 καὶ

231 1640 328 1709 διὰ
392 1643 608 1722 τοῦτ’,
679 1640 905 1728 οἶμαι,
970 1645 1086 1710 καὶ
1143 1635 1303 1709 αὐτὸ
1366 1642 1464 1720 εἷς
1522 1637 1899 1730 ὑπερβολὴν
1952 1637 2231 1730 ηὔξηται
2287 1641 2362 1708 τὸ

231 1744 391 1830 ἱερὸν
419 1750 537 1815 καὶ
567 1742 1027 1832 ὑπερπλουτεῖ
1054 1745 1123 1811 ἐν
1150 1758 1294 1823 τοῖς
1342 1737 1756 1833 ἀναθήμασι.
1806 1744 1910 1812 δεῖ
1947 1750 2172 1810 τοίνυν
2201 1736 2360 1831 μηδ’

229 1844 286 1912 ἐν
325 1853 418 1935 τῷ
462 1847 758 1936 παρόντι
801 1860 1225 1931 καινοτομεῖν
1266 1846 1473 1935 μηδὲν
1529 1846 1700 1934 μηδὲ
1746 1844 1933 1930 παρά
1977 1845 2063 1913 τὰ
2107 1844 2370 1932 πάτρια

230 1949 413 2035 νόμον
468 1950 920 2032 καθιστάναι,
990 1951 1409 2038 φυλοκρινεῖν
1473 1947 1559 2014 τὰ
1628 1942 2039 2035 ἀναθήματα
2093 1951 2204 2015 καὶ
2261 1973 2369 2034 γε·

231 2055 552 2140 νεαλογεῖν
597 2051 682 2119 τὰ
727 2051 1168 2137 πεμπόμενα,
1230 2051 1398 2119 ὅθεν
1441 2053 1555 2117 καὶ
1614 2044 1727 2138 ἀφ’
1780 2042 1936 2117 ὅτου
1981 2053 2092 2118 καὶ
2137 2046 2369 2131 ὁποῖα,

235 2153 616 2239 δεξαμένους
704 2154 775 2221 δὲ
850 2148 1300 2240 ἀπραγμόνως
1388 2145 1791 2219 ἀνατιθέναι
1877 2148 2371 2240 ὑπηρετοῦντας

235 2249 502 2346 ἀμφοῖν,
566 2259 678 2324 καὶ
731 2260 828 2344 τῷ
879 2261 1031 2343 θεῷ
1085 2259 1199 2323 καὶ
1241 2269 1386 2335 τοῖς
1434 2249 1754 2340 εὐσεβέσι.
1848 2262 1946 2321 10.
1995 2255 2248 2321 δοκεῖτε
2296 2255 2369 2320 δέ
2400 2258 2472 2313 10

232 2383 363 2441 μοι,
431 2346 484 2427 ῶ
554 2354 788 2448 ἄνδρες
842 2360 1142 2447 Δελφοί,
1212 2353 1457 2443 ἄριστα
1512 2356 1960 2442 βουλεύεσθαι
2020 2359 2181 2442 περὶ
2238 2360 2371 2422 τῶν

233 2462 606 2548 παρόντων,
670 2461 729 2528 εἰ
786 2463 1148 2548 λογίσεσθε
1207 2458 1528 2547 [πρῶτον]
1589 2455 1759 2543 ὑπὲρ
1816 2451 1994 2526 ὅσων
2051 2461 2163 2526 καὶ
2222 2454 2371 2544 ἡλί-

233 2588 349 2630 κων
393 2564 582 2632 ἐστὶν
624 2559 664 2650 ἡ
713 2568 972 2648 σκέψις,
1019 2565 1288 2650 πρῶτον
1333 2562 1455 2646 μὲν
1500 2558 1673 2649 ὑπὲρ
1719 2564 1837 2629 τοῦ
1881 2564 2051 2628 θεοῦ
2094 2563 2206 2627 καὶ
2251 2563 2371 2626 τοῦ

156 2664 399 2750 mie-905
427 2669 545 2734 καὶ
576 2669 842 2733 θυσιῶν
884 2668 997 2732 καὶ
1044 2663 1502 2753 ἀναθημάτων
1547 2667 1657 2732 καὶ
1706 2663 1889 2730 ἐθῶν
1934 2657 2229 2751 ἀρχαίων
2259 2666 2372 2729 καὶ

232 2771 492 2854 θεσμῶν
526 2770 842 2835 παλαιῶν
872 2770 985 2834 καὶ
1017 2760 1212 2856 δόξης
1241 2770 1361 2833 τοῦ
1390 2773 1728 2850 μαντείου,
1776 2765 2014 2833 ἐ’πειτα
2060 2762 2231 2849 ὑπὲρ
2255 2769 2372 2855 τῆς

233 2865 481 2951 πόλεως
542 2864 701 2960 ὅλης
753 2872 868 2936 καὶ
923 2872 1058 2935 τῶν
1113 2869 1590 2957 συμφερόντων
1646 2872 1743 2955 τῷ
1798 2893 1872 2935 τε
1932 2872 2136 2955 κοινῷ
2185 2865 2371 2954 ἡμῶν

230 2976 325 3041 καὶ
373 2974 518 3062 ἰδίᾳ
564 2971 823 3058 ἑκάστῳ
868 2973 1189 3057 Δελφῶν,
1251 2970 1369 3037 ἐπὶ
1425 2975 1600 3038 πᾶσι
1645 2971 1717 3037 δὲ
1761 2974 1879 3056 τῆς
1922 2968 2112 3057 παρὰ
2158 2974 2372 3036 πᾶσιν

234 3068 625 3162 ἀνθρώποις
671 3069 968 3151 εὐκλείας
1009 3064 1052 3160 ἢ
1096 3072 1519 3151 κακοδοξίας·
1578 3073 1832 3139 τούτων
1886 3071 2011 3158 γὰρ
2057 3065 2174 3138 οῦκ
2219 3069 2373 3138 οἶδα

235 3176 292 3244 εἴ
325 3205 393 3245 τι
434 3177 697 3263 μεῖζον,
760 3176 820 3243 εἰ
865 3188 1310 3294 σωφρονεῖτε,
1369 3165 1413 3259 ἢ
1460 3174 1969 3261 ἀναγκαιότερον
2014 3170 2370 3263 ἡγήσεσθε.

394 3289 496 3348 11.
545 3281 719 3365 Περὶ
762 3278 883 3362 μὲν
930 3303 1045 3343 ουν
1089 3270 1183 3343 ὦν
1225 3277 1729 3362 βουλευόμεθα,
1775 3276 1986 3343 ταῦτά
2032 3274 2243 3356 ἐστιν,
2293 3269 2370 3342 οὗ

238 3382 531 3470 Φάλαρις
596 3380 918 3468 τύραννος
986 3378 1082 3457 εἷς
1150 3373 1303 3446 οῦδὲ
1366 3383 1608 3466 ταῦρος
1668 3373 1863 3456 οὗτος
1923 3372 2076 3445 οὐδὲ
2128 3376 2371 3462 χαλκὸς
2400 3399 2472 3452 11

233 3483 455 3567 μόνον,
521 3477 691 3549 ἀλλὰ
736 3482 988 3559 πάντες
1029 3483 1333 3567 βασιλεῖς
1375 3484 1489 3549 καὶ
1532 3475 1782 3560 πάντες
1828 3480 2170 3562 δυνάσται,
2218 3474 2371 3548 ὅσοι

234 3588 333 3652 νῦν
382 3588 677 3674 χρῶνται
732 3587 829 3670 τῷ
888 3584 1082 3671 ἱερῷ,
1140 3587 1252 3650 καὶ
1302 3582 1548 3668 χρυσὸς
1603 3587 1713 3652 καὶ
1762 3579 2043 3671 ἄργυρος
2085 3587 2197 3651 καὶ
2243 3577 2373 3650 ὅσα

236 3681 390 3753 ἄλλα
419 3694 615 3771 τίμια
645 3684 868 3753 πολλὰ
902 3684 1229 3762 πολλάκις
1260 3679 1815 3772 ἀνατεθησόμενα
1844 3689 1939 3772 τῷ
1969 3689 2116 3772 θεῷ
2133 3705 2148 3719 ·
2181 3688 2371 3770 πρῶ-

234 3813 336 3856 τον
363 3791 486 3874 μὲν
516 3788 641 3876 γὰρ
673 3787 750 3855 τὸ
797 3786 968 3854 κατὰ
1013 3786 1130 3854 τὸν
1176 3786 1345 3854 θεὸν
1389 3786 1832 3876 ἐξετασθῆναι
1879 3783 2085 3866 ἀξιον.
2138 3793 2235 3853 12.
2267 3792 2371 3852 τί·

235 3915 333 3969 νος
364 3877 478 3958 οῦν
512 3890 698 3958 ἕνεκα
726 3889 817 3980 μὴ
849 3886 940 3968 ὥς
972 3883 1078 3956 ἀεὶ
1107 3889 1276 3978 μηδὲ
1308 3885 1399 3968 ὥς
1445 3889 1664 3955 πάλαι
1706 3888 1788 3955 τὰ
1836 3892 1994 3971 περὶ
2040 3892 2172 3954 τῶν
2205 3882 2371 3954 ἀνα·
2405 3904 2473 3960 12

233 3993 548 4080 θημάτων
578 3993 951 4080 ποιήσομεν
962 4021 985 4076 ,·
1027 3982 1071 4080 ἢ
1100 3996 1169 4057 τί
1196 3991 1619 4080 μεμφόμενοι
1647 4005 1791 4068 τοῖς
1826 3993 2147 4069 παλαιοῖς
2178 3990 2373 4058 ἔθεσι
