2800 4500
881 245 1184 299 ΑΔΗΘΟΥΣ
1218 245 1518 299 ΙΣΤΟΡΙΑΣ
1551 246 1609 298 Α.
2232 242 2314 305 33

184 419 304 496 ροί·
369 413 681 499 θώρακες
736 415 808 481 δὲ
875 415 1242 503 φολιδωτοὶ
1310 414 1560 493 πάντες
1626 418 1973 497 θέρμινοι·
2038 412 2124 478 τὰ
2190 412 2316 499 γὰρ

186 517 331 605 λέπη
416 521 551 583 τῶν
632 522 907 601 θέρμων
975 516 1469 604 συρράπτοντες
1534 519 1894 583 ποιοῦνται
1959 516 2312 598 θώρακας·

183 644 492 744 αρρηκτον
537 614 600 685 δ’
655 619 789 687 ἐκεῖ
840 627 1133 706 γίγνεται
1189 623 1309 686 τοῦ
1365 624 1628 703 θέρμου
1673 617 1749 683 τὸ
1813 620 2020 696 λέπος
2080 640 2313 701 ωσπερ

179 726 388 807 κέρας·
439 716 727 799 άσπίδες
770 723 842 789 δὲ
884 725 993 789 καὶ
1043 722 1202 809 ξίφη
1245 721 1356 788 οἷα
1386 720 1471 788 τὰ
1496 718 1854 808 Ἑλληνικά.
1936 728 2034 788 15.
2082 718 2316 809 ἐπειδὴ
2348 737 2418 793 15

179 824 241 888 δὲ
277 823 513 909 καιρὸς
556 823 669 913 ἠν,
726 824 1047 905 ἐτάξαντο
1092 819 1257 891 ωδε·
1312 824 1387 890 τὸ
1434 825 1556 908 μὲν
1615 822 1833 901 δεξιὸν
1887 826 2084 909 κέρας
2143 820 2315 906 εἶχον

179 951 235 991 οι
267 921 677 1013 Ἱππόγυποι
720 929 829 995 καὶ
875 923 910 994 ὃ
956 925 1271 1012 βασιλεὺς
1322 951 1482 1004 τους
1542 919 1855 1012 άρίστους
1907 928 2064 1011 περὶ
2114 921 2315 991 αυτὸν

180 1027 359 1109 ἔχων·
407 1032 518 1094 καὶ
562 1024 754 1118 ἡμεῖς
799 1028 867 1096 ἐν
910 1028 1174 1105 τούτοις
1212 1025 1408 1114 ἦμεν·
1455 1026 1531 1094 τὸ
1568 1027 1639 1093 δὲ
1678 1021 2014 1109 ειώνυμον
2060 1027 2126 1093 οι
2155 1035 2315 1093 Λα-

174 1130 599 1215 χανόπτεροι·
644 1131 719 1198 τὸ
765 1131 838 1197 δὲ
882 1136 1085 1215 μέσον
1131 1132 1197 1198 οἶ
1242 1131 1577 1214 σύμμαχοι
1620 1126 1712 1207 ὥς
1757 1129 2043 1196 ἕκαστοι.
2130 1128 2206 1197 τὸ
2243 1130 2316 1196 δὲ

178 1231 363 1312 πεζὸν
394 1230 566 1322 ἦσαν
595 1233 715 1316 μὲν
748 1227 923 1354 ἀμφὶ
954 1232 1078 1311 τὰς
1107 1231 1555 1315 ἑξακισχιλίας
1597 1231 1946 1316 μυριάδας.
2022 1230 2313 1319 ἐτάχθη-

178 1357 288 1400 σαν
332 1335 406 1401 δὲ
453 1328 693 1411 ούτως·
741 1329 1024 1420 άράχναι
1071 1328 1240 1418 παρ’
1305 1328 1536 1411 αὐτοῖς
1588 1336 1832 1400 πολλοὶ
1876 1336 1989 1399 καὶ
2033 1333 2314 1419 μεγάλοι

175 1442 457 1520 γίνονται
529 1437 704 1503 πολυ
770 1441 903 1503 τῶν
968 1437 1333 1503 Κυκλάδων
1408 1436 1625 1523 νήσων
1700 1435 1977 1514 ἕκαστος
2047 1436 2311 1519 μείζων.

177 1538 424 1616 τούτοις
468 1538 842 1623 προσέταξε
898 1539 1215 1627 διυφῆναι
1257 1537 1376 1605 τὸν
1419 1537 1664 1622 μεταξὺ
1709 1541 1828 1624 τῆς
1870 1536 2157 1625 Σελήνης
2199 1540 2311 1604 καὶ

112 1644 277 1706 82τοῦ
325 1639 708 1729 Ἑωσφόρου
766 1635 952 1727 άέρα.
1053 1636 1143 1718 ὥς
1201 1641 1273 1707 δὲ
1328 1640 1610 1723 τάχιστα
1676 1639 2140 1726 ἐξειργάσαντο
2198 1644 2311 1707 καὶ

174 1744 398 1810 πεδίον
443 1743 804 1831 ἐποίησαν,
860 1742 976 1810 ἐπὶ
1021 1744 1260 1811 τούτου
1304 1743 1641 1826 παρέταξε
1682 1741 1757 1810 τὸ
1806 1742 2041 1822 πεζόν·
2087 1739 2309 1829 ἡγεῖτο

177 1843 237 1910 δὲ
264 1840 483 1912 αὐτῶν
514 1853 896 1931 Νυκτερίων
926 1841 961 1911 ὁ
996 1842 1449 1922 Εὐδιάνακτος
1486 1851 1713 1928 τρίτος
1742 1838 1962 1922 αύτός.
2043 1850 2142 1911 16.
2174 1848 2306 1911 τῶν
2324 1860 2396 1916 16

175 1945 236 2012 δὲ
274 1950 620 2032 πολεμίων
647 1947 724 2015 τὸ
767 1948 888 2031 μὲν
934 1942 1268 2029 εὐώνυμον
1315 1944 1490 2029 εἶχον
1521 1948 1588 2013 οἱ
1624 1944 2156 2035 Ἱππομύρμηκες
2195 1951 2308 2015 καὶ

176 2047 233 2114 ἐν
274 2045 502 2128 αυτοῖς
546 2076 581 2116 ο
633 2056 962 2116 Φαέθων·
1010 2055 1225 2138 θηρία
1270 2050 1343 2115 δέ
1388 2047 1530 2116 ἐστι
1574 2054 1887 2135 μέγιστα,
1933 2046 2307 2133 ὑπόπτερα,

174 2167 300 2230 τοῖς
342 2148 511 2239 παρ>
561 2151 717 2241 ἡμῖν
761 2152 1052 2241 μύρμηξι
1094 2152 1542 2236 προσεοικότα
1586 2150 1762 2238 πλὴν
1797 2156 1916 2219 τοῦ
1944 2156 2305 2236 μεγέθους·

175 2250 206 2318 ὅ
234 2255 352 2340 γὰρ
381 2262 695 2342 μέγιστος
741 2250 960 2321 αὐτῶν
1001 2257 1115 2322 καὶ
1160 2255 1534 2338 δίπλεθρος
1575 2280 1674 2343 ην.
1765 2252 2085 2338 εμάχοντο
2127 2254 2199 2319 δὲ
2231 2249 2307 2319 ού

175 2355 363 2436 μόνον
407 2359 472 2424 οἱ
517 2351 630 2423 επ’
683 2350 920 2435 αύτῶν,
977 2350 1145 2422 ἄλλά
1191 2360 1303 2423 καὶ
1351 2351 1542 2423 αύτοὶ
1592 2355 1887 2439 μάλιστα
1929 2369 2072 2432 τοῖς
2113 2359 2308 2438 κέρα-

177 2478 303 2522 σιν·
359 2457 657 2544 ελέγοντο
705 2458 777 2525 δὲ
823 2453 1009 2527 οὗτοι
1065 2455 1239 2526 εἶναι
1296 2454 1470 2545 ἀμφὶ
1521 2457 1646 2535 τὰς
1703 2462 1903 2524 πέντε
1957 2457 2307 2540 μυριάδας.

179 2557 278 2625 ἐπὶ
334 2561 405 2627 δὲ
459 2565 578 2627 τοῦ
646 2561 866 2639 δεξιοῦ
934 2555 1152 2626 αὐτῶν
1218 2559 1599 2648 ἐτάχθησαν
1656 2560 1722 2626 οἱ
1772 2553 2308 2641 Ἀεροκώνωπες,

176 2655 348 2739 ὄντες
387 2665 499 2729 καὶ
547 2656 732 2729 οὗτοι
780 2665 959 2749 α’μφὶ
1000 2661 1124 2738 τὰς
1167 2667 1371 2729 πέντε
1414 2661 1778 2748 μυριάδας,
1824 2661 2075 2739 πάντες
2115 2661 2310 2741 τοξό-

176 2786 278 2827 ται
331 2763 611 2848 κώνωψι
665 2763 982 2849 μεγάλοις
1042 2762 1511 2847 ἐποχούμενοι·
1569 2762 1739 2846 μετὰ
1793 2763 1864 2829 δὲ
1919 2763 2197 2840 τούτους
2243 2764 2310 2831 οἱ

168 2854 695 2949 Ἀεροκόρδακες,
755 2869 957 2950 ψιλοί
997 2891 1071 2932 τε
1114 2862 1303 2943 ὄντες
1344 2868 1455 2931 καὶ
1511 2865 1734 2946 πεζοί,
1795 2864 1973 2952 πλὴν
2027 2865 2312 2948 μάχιμοί

176 2989 240 3047 γε
303 2970 411 3034 καὶ
485 2963 708 3036 οὗτοι·
796 2967 1161 3054 πόρρωθεν
1232 2966 1359 3054 γὰρ
1436 2967 1856 3055 ἐσφενδόνων
1931 2968 2310 3055 ῥαφανῖδας

176 3062 671 3157 ὑπερμεγέθεις,
736 3075 848 3137 καὶ
906 3068 943 3137 o‘
999 3073 1283 3158 βληθεὶς
1340 3064 1487 3137 οὐδ’
1553 3064 1669 3137 ἐπ’
1732 3064 1956 3156 ὀλίγον
2017 3064 2311 3151 άντέχειν

177 3164 474 3259 ἠδύνατο,
544 3168 933 3263 ἀπέθνησκε
1007 3173 1081 3239 δέ
1157 3174 1491 3251 δυσωδίας
1554 3171 1738 3250 τινὸς
1803 3177 1901 3258 τῷ
1977 3171 2311 3256 τραύματι

114 3271 602 3364 ὃδέγγινομένης·
651 3276 952 3362 ἐλέγοντο
984 3276 1057 3341 δὲ
1080 3281 1292 3362 χρίειν
1321 3275 1407 3341 τὰ
1435 3277 1596 3363 βέλη
1640 3275 1939 3362 μαλάχης
1984 3275 2086 3361 ἰῷ.
2164 3273 2311 3357 ἐχό-

177 3401 350 3458 μενοι
394 3380 466 3445 δὲ
514 3373 732 3446 αὐτῶν
778 3377 1162 3466 ἐτάχθησαν
1201 3380 1267 3445 οἱ
1297 3377 1826 3466 Καυλομύκητες,
1873 3374 2154 3446 ὁπλῖται
2198 3372 2312 3445 ὄν-

178 3503 274 3556 τες
314 3483 423 3547 καὶ
469 3474 827 3566 ἀγχέμαχοι
868 3478 944 3547 τὸ
991 3483 1265 3566 πλῆθος
1304 3479 1565 3564 μύριοι·
1611 3478 1990 3568 ἐκλήθησαν
2022 3480 2095 3546 δὲ
2124 3487 2309 3546 Καυ-

179 3579 548 3670 λομύκητες,
608 3574 715 3648 ὅτι
773 3577 1020 3648 άσπίσι
1073 3582 1193 3666 μὲν
1249 3588 1638 3669 μυκητίναις
1695 3580 2011 3665 ἐχρῶντο,
2071 3582 2320 3666 δόρασι.

178 3680 242 3746 δὲ
279 3688 613 3763 καυλίνοις
654 3698 798 3762 τοῖς
843 3678 980 3752 άπὸ
1025 3689 1159 3751 τῶν
1214 3678 1647 3771 ἀσπαράγων.
1735 3687 2025 3774 πλησίον
2071 3685 2144 3752 δὲ
2191 3679 2310 3750 αύ-

178 3787 299 3850 τῶν
342 3789 406 3854 οἱ
450 3787 913 3870 Κυνοβάλανοι
958 3785 1275 3874 ἔστησαν,
1337 3785 1452 3865 οὓς
1496 3786 1814 3872 ἔπεμψαν
1858 3781 2040 3873 αὐτῷ
2083 3787 2150 3852 οἱ
2191 3785 2310 3853 τὸν

180 3888 425 3973 Σείριον
477 3894 966 3970 κατοικοῦντες,
1034 3891 1567 3972 πεντακισχίλιοι
1619 3894 1730 3956 καὶ
1788 3883 2005 3970 οὗτοι,
2076 3884 2311 3972 ἄνδρες

177 3992 681 4079 κυνοπρόσωποι
735 3990 853 4059 ἐπὶ
905 3991 1216 4077 βαλάνων
1278 3995 1638 4079 πτερωτῶν
1694 3992 2078 4075 μαχόμενοι.
2168 3990 2310 4057 ἐλέ-

269 4099 430 4144 num
452 4102 511 4146 11.
547 4105 587 4146 1.
1969 4095 2000 4144 3
