<?xml version="1.0" encoding="UTF-8"?>
<!DOCTYPE html PUBLIC "-//W3C//DTD XHTML 1.0 Transitional//EN"
    "http://www.w3.org/TR/xhtml1/DTD/xhtml1-transitional.dtd">
<html xmlns="http://www.w3.org/1999/xhtml" xml:lang="en" lang="en">
 <head>
  <title>
</title>
<meta http-equiv="Content-Type" content="text/html;charset=utf-8" />
  <meta name='ocr-system' content='tesseract 3.04.00' />
  <meta name='ocr-capabilities' content='ocr_page ocr_carea ocr_par ocr_line ocrx_word'/>
</head>
<body>
  <div class='ocr_page' id='page_1' title='image "./lucianus00sommgoog/lucianus00sommgoog_0261.png"; bbox 0 0 2800 4500; ppageno 0'>
   <div class='ocr_carea' id='block_1_1' title="bbox 226 629 378 683">
    <p class='ocr_par' dir='ltr' id='par_1_1' title="bbox 226 629 378 683">
     <span class='ocr_line' id='line_1_1' title="bbox 226 629 378 683; baseline 0.007 -1"><span class='ocrx_word' id='word_1_1' title='bbox 226 642 271 682; x_wconf 78' lang='lat' dir='ltr'><strong><em>e.</em></strong></span> <span class='ocrx_word' id='word_1_2' title='bbox 297 629 378 683; x_wconf 89' lang='grc'><strong><em>14.</em></strong></span> 
     </span>
    </p>
   </div>
   <div class='ocr_carea' id='block_1_2' title="bbox 227 1958 377 2013">
    <p class='ocr_par' dir='ltr' id='par_1_2' title="bbox 227 1958 377 2013">
     <span class='ocr_line' id='line_1_2' title="bbox 227 1958 377 2013; baseline 0.02 -3"><span class='ocrx_word' id='word_1_3' title='bbox 227 1970 269 2011; x_wconf 78' lang='lat' dir='ltr'><strong><em>c.</em></strong></span> <span class='ocrx_word' id='word_1_4' title='bbox 296 1958 377 2013; x_wconf 86' lang='lat'><strong><em>15.</em></strong></span> 
     </span>
    </p>
   </div>
   <div class='ocr_carea' id='block_1_3' title="bbox 232 3082 382 3138">
    <p class='ocr_par' dir='ltr' id='par_1_3' title="bbox 232 3082 382 3138">
     <span class='ocr_line' id='line_1_3' title="bbox 232 3082 382 3138; baseline 0.047 -6"><span class='ocrx_word' id='word_1_5' title='bbox 232 3092 275 3134; x_wconf 80' lang='lat' dir='ltr'><strong><em>c.</em></strong></span> <span class='ocrx_word' id='word_1_6' title='bbox 302 3082 382 3138; x_wconf 90' lang='lat'><strong><em>16.</em></strong></span> 
     </span>
    </p>
   </div>
   <div class='ocr_carea' id='block_1_4' title="bbox 751 214 2350 302">
    <p class='ocr_par' dir='ltr' id='par_1_4' title="bbox 751 214 2350 302">
     <span class='ocr_line' id='line_1_4' title="bbox 751 214 2350 302; baseline 0.003 -4"><span class='ocrx_word' id='word_1_7' title='bbox 751 246 1149 299; x_wconf 73' lang='lat' dir='ltr'><strong>ALEXANDER</strong></span> <span class='ocrx_word' id='word_1_8' title='bbox 1185 247 1239 300; x_wconf 89' lang='lat' dir='ltr'><strong><em>S.</em></strong></span> <span class='ocrx_word' id='word_1_9' title='bbox 1276 245 1800 300; x_wconf 66' lang='lat' dir='ltr'><strong>PsennonAN&#39;rls.</strong></span> <span class='ocrx_word' id='word_1_10' title='bbox 2182 214 2190 218; x_wconf 41' lang='grc'>-</span> <span class='ocrx_word' id='word_1_11' title='bbox 2230 250 2350 302; x_wconf 67' lang='lat'><strong><em>245</em></strong></span> 
     </span>
    </p>
   </div>
   <div class='ocr_carea' id='block_1_5' title="bbox 401 414 2358 3673">
    <p class='ocr_par' dir='ltr' id='par_1_5' title="bbox 401 414 2358 585">
     <span class='ocr_line' id='line_1_5' title="bbox 401 414 2358 503; baseline 0 -21"><span class='ocrx_word' id='word_1_12' title='bbox 401 426 591 498; x_wconf 82' lang='grc' dir='ltr'><em>μίγνυ</em></span> <span class='ocrx_word' id='word_1_13' title='bbox 618 416 639 503; x_wconf 97' lang='grc' dir='ltr'><strong><em>Ι</em></strong></span> <span class='ocrx_word' id='word_1_14' title='bbox 668 421 1116 498; x_wconf 85' lang='grc' dir='ltr'><strong><em>ἐγκατεμίγνυε</em></strong></span> <span class='ocrx_word' id='word_1_15' title='bbox 1145 415 1198 479; x_wconf 87' lang='grc' dir='ltr'>Γ</span> <span class='ocrx_word' id='word_1_16' title='bbox 1227 420 1775 499; x_wconf 51' lang='grc' dir='ltr'><strong><em>ἐκθῂιαταμίγνυε</em></strong></span> <span class='ocrx_word' id='word_1_17' title='bbox 1808 414 1878 479; x_wconf 89' lang='grc' dir='ltr'>Ω</span> <span class='ocrx_word' id='word_1_18' title='bbox 1907 453 1990 463; x_wconf 87' lang='grc'><strong>-</strong></span> <span class='ocrx_word' id='word_1_19' title='bbox 2029 418 2306 482; x_wconf 63' lang='grc' dir='ltr'><strong><em>Ἀπόλλω</em></strong></span> <span class='ocrx_word' id='word_1_20' title='bbox 2342 422 2358 498; x_wconf 65' lang='lat'><strong><em>{2</em></strong></span> 
     </span>
     <span class='ocr_line' id='line_1_6' title="bbox 410 516 946 585; baseline -0.009 -1"><span class='ocrx_word' id='word_1_21' title='bbox 410 517 780 585; x_wconf 77' lang='grc' dir='ltr'><strong><em>Ἀπόλλωνα</em></strong></span> <span class='ocrx_word' id='word_1_22' title='bbox 823 516 946 581; x_wconf 91' lang='grc' dir='ltr'><strong><em>ΩΓ</em></strong></span> 
     </span>
    </p>

    <p class='ocr_par' dir='ltr' id='par_1_6' title="bbox 403 618 2358 1933">
     <span class='ocr_line' id='line_1_7' title="bbox 407 618 2354 709; baseline 0 -23"><span class='ocrx_word' id='word_1_23' title='bbox 407 624 536 687; x_wconf 85' lang='grc' dir='ltr'><strong><em>εἶτα</em></strong></span> <span class='ocrx_word' id='word_1_24' title='bbox 644 622 770 687; x_wconf 85' lang='grc' dir='ltr'><strong><em>εἶτ’</em></strong></span> <span class='ocrx_word' id='word_1_25' title='bbox 808 618 934 683; x_wconf 82' lang='grc' dir='ltr'><strong><em>ΩΓ</em></strong></span> <span class='ocrx_word' id='word_1_26' title='bbox 979 660 1064 670; x_wconf 93' lang='grc'>-</span> <span class='ocrx_word' id='word_1_27' title='bbox 1106 626 1746 709; x_wconf 78' lang='grc' dir='ltr'><strong><em>προῳκοόομημένην</em></strong></span> <span class='ocrx_word' id='word_1_28' title='bbox 1785 619 1807 705; x_wconf 92' lang='grc' dir='ltr'><strong><em>Ι</em></strong></span> <span class='ocrx_word' id='word_1_29' title='bbox 1847 648 2354 705; x_wconf 62' lang='grc' dir='ltr'><strong><em>προωκῡιᾛμῡυ-</em></strong></span> 
     </span>
     <span class='ocr_line' id='line_1_8' title="bbox 411 720 2350 808; baseline 0.001 -19"><span class='ocrx_word' id='word_1_30' title='bbox 411 729 607 808; x_wconf 86' lang='grc' dir='ltr'><strong><em>μένην</em></strong></span> <span class='ocrx_word' id='word_1_31' title='bbox 650 721 721 786; x_wconf 87' lang='grc' dir='ltr'>Ω</span> <span class='ocrx_word' id='word_1_32' title='bbox 764 729 1409 807; x_wconf 86' lang='grc' dir='ltr'><strong><em>προωκονομημένην</em></strong></span> <span class='ocrx_word' id='word_1_33' title='bbox 1442 720 1492 784; x_wconf 86' lang='grc' dir='ltr'>Γ</span> <span class='ocrx_word' id='word_1_34' title='bbox 1533 760 1618 770; x_wconf 93' lang='grc'>-</span> <span class='ocrx_word' id='word_1_35' title='bbox 1649 727 1712 803; x_wconf 87' lang='grc' dir='ltr'><strong><em>ἐς</em></strong></span> <span class='ocrx_word' id='word_1_36' title='bbox 1745 723 1823 790; x_wconf 86' lang='grc' dir='ltr'><strong><em>τὸ</em></strong></span> <span class='ocrx_word' id='word_1_37' title='bbox 1852 724 1946 791; x_wconf 77' lang='grc' dir='ltr'><strong><em>ῦὸ.</em></strong></span> <span class='ocrx_word' id='word_1_38' title='bbox 1982 723 2002 808; x_wconf 92' lang='grc' dir='ltr'><strong><em>Ι</em></strong></span> <span class='ocrx_word' id='word_1_39' title='bbox 2030 734 2118 802; x_wconf 64' lang='grc' dir='ltr'><strong><em>εἰς</em></strong></span> <span class='ocrx_word' id='word_1_40' title='bbox 2150 726 2226 790; x_wconf 57' lang='grc' dir='ltr'><strong><em>τὸ</em></strong></span> <span class='ocrx_word' id='word_1_41' title='bbox 2258 726 2350 790; x_wconf 56' lang='grc' dir='ltr'><strong><em>ἑή</em></strong></span> 
     </span>
     <span class='ocr_line' id='line_1_9' title="bbox 406 821 2350 910; baseline -0.001 -19"><span class='ocrx_word' id='word_1_42' title='bbox 406 823 533 887; x_wconf 86' lang='grc' dir='ltr'><strong><em>ΨΓ</em></strong></span> <span class='ocrx_word' id='word_1_43' title='bbox 571 863 651 873; x_wconf 91' lang='lat'><strong><em>-·</em></strong></span> <span class='ocrx_word' id='word_1_44' title='bbox 690 830 753 905; x_wconf 87' lang='grc' dir='ltr'><strong><em>ἐς</em></strong></span> <span class='ocrx_word' id='word_1_45' title='bbox 781 824 900 909; x_wconf 82' lang='grc' dir='ltr'><strong><em>τὴν</em></strong></span> <span class='ocrx_word' id='word_1_46' title='bbox 929 821 1124 893; x_wconf 86' lang='grc' dir='ltr'><strong><em>πόλιν</em></strong></span> <span class='ocrx_word' id='word_1_47' title='bbox 1153 827 1172 908; x_wconf 88' lang='grc' dir='ltr'><strong><em>Ι</em></strong></span> <span class='ocrx_word' id='word_1_48' title='bbox 1203 832 1290 904; x_wconf 82' lang='grc' dir='ltr'><strong><em>εἰς</em></strong></span> <span class='ocrx_word' id='word_1_49' title='bbox 1319 826 1438 908; x_wconf 74' lang='grc' dir='ltr'><strong><em>τὴν</em></strong></span> <span class='ocrx_word' id='word_1_50' title='bbox 1470 852 1533 892; x_wconf 89' lang='grc' dir='ltr'><strong><em>π.</em></strong></span> <span class='ocrx_word' id='word_1_51' title='bbox 1568 823 1622 887; x_wconf 89' lang='grc' dir='ltr'>Γ</span> <span class='ocrx_word' id='word_1_52' title='bbox 1648 862 1732 872; x_wconf 93' lang='grc'>-</span> <span class='ocrx_word' id='word_1_53' title='bbox 1763 825 1993 904; x_wconf 77' lang='grc' dir='ltr'><strong><em>δόντος</em></strong></span> <span class='ocrx_word' id='word_1_54' title='bbox 2026 826 2046 910; x_wconf 90' lang='grc' dir='ltr'><strong><em>Ι</em></strong></span> <span class='ocrx_word' id='word_1_55' title='bbox 2082 826 2350 890; x_wconf 56' lang='grc' dir='ltr'><strong><em>[ἐναύον-</em></strong></span> 
     </span>
     <span class='ocr_line' id='line_1_10' title="bbox 406 925 2354 1014; baseline 0.001 -21"><span class='ocrx_word' id='word_1_56' title='bbox 406 954 511 1006; x_wconf 88' lang='grc' dir='ltr'><strong><em>τος</em></strong></span> <span class='ocrx_word' id='word_1_57' title='bbox 541 925 694 990; x_wconf 85' lang='grc' dir='ltr'><strong><em>ΩΨ</em></strong></span> <span class='ocrx_word' id='word_1_58' title='bbox 722 965 802 975; x_wconf 96' lang='grc'><strong>-</strong></span> <span class='ocrx_word' id='word_1_59' title='bbox 834 938 1050 1011; x_wconf 90' lang='grc' dir='ltr'><strong><em>πηλοῦ</em></strong></span> <span class='ocrx_word' id='word_1_60' title='bbox 1079 926 1100 1013; x_wconf 94' lang='grc' dir='ltr'><strong><em>Ι</em></strong></span> <span class='ocrx_word' id='word_1_61' title='bbox 1141 938 1346 994; x_wconf 90' lang='grc' dir='ltr'><strong><em>πελοῦ</em></strong></span> <span class='ocrx_word' id='word_1_62' title='bbox 1374 932 1432 991; x_wconf 90' lang='lat' dir='ltr'>U</span> <span class='ocrx_word' id='word_1_63' title='bbox 1472 963 1557 972; x_wconf 95' lang='lat'><strong>—</strong></span> <span class='ocrx_word' id='word_1_64' title='bbox 1593 937 1891 1014; x_wconf 80' lang='grc' dir='ltr'><strong><em>ψιμυθίῳ</em></strong></span> <span class='ocrx_word' id='word_1_65' title='bbox 1921 926 1942 1013; x_wconf 96' lang='grc' dir='ltr'><strong><em>Ι</em></strong></span> <span class='ocrx_word' id='word_1_66' title='bbox 1969 926 2242 1014; x_wconf 64' lang='grc' dir='ltr'><strong><em>ψιμὲθῳ</em></strong></span> <span class='ocrx_word' id='word_1_67' title='bbox 2278 926 2354 988; x_wconf 74' lang='grc' dir='ltr'>Ψ</span> 
     </span>
     <span class='ocr_line' id='line_1_11' title="bbox 405 1027 2346 1118; baseline -0.001 -23"><span class='ocrx_word' id='word_1_68' title='bbox 405 1040 745 1118; x_wconf 80' lang='grc' dir='ltr'><strong><em>ψιμμυθίῳ</em></strong></span> <span class='ocrx_word' id='word_1_69' title='bbox 781 1028 833 1092; x_wconf 92' lang='grc' dir='ltr'>Γ</span> <span class='ocrx_word' id='word_1_70' title='bbox 859 1067 942 1077; x_wconf 89' lang='grc'><strong>-</strong></span> <span class='ocrx_word' id='word_1_71' title='bbox 976 1030 1295 1109; x_wconf 87' lang='grc' dir='ltr'><strong><em>στόματος</em></strong></span> <span class='ocrx_word' id='word_1_72' title='bbox 1370 1029 1677 1108; x_wconf 77' lang='grc' dir='ltr'><strong><em>πώματος</em></strong></span> <span class='ocrx_word' id='word_1_73' title='bbox 1704 1027 1826 1093; x_wconf 88' lang='grc' dir='ltr'><strong><em>ΩΓ</em></strong></span> <span class='ocrx_word' id='word_1_74' title='bbox 1857 1030 2154 1108; x_wconf 66' lang='grc' dir='ltr'><strong><em>σώματος</em></strong></span> <span class='ocrx_word' id='word_1_75' title='bbox 2190 1034 2238 1094; x_wconf 77' lang='grc' dir='ltr'>Π</span> <span class='ocrx_word' id='word_1_76' title='bbox 2270 1070 2346 1074; x_wconf 87' lang='grc'>-</span> 
     </span>
     <span class='ocr_line' id='line_1_12' title="bbox 406 1129 2346 1218; baseline 0.001 -21"><span class='ocrx_word' id='word_1_77' title='bbox 406 1138 999 1216; x_wconf 78' lang='grc' dir='ltr'><strong><em>συγκεκολλημένον</em></strong></span> <span class='ocrx_word' id='word_1_78' title='bbox 1036 1132 1679 1217; x_wconf 86' lang='grc' dir='ltr'><strong><em>Ισυγκεκολλημένην</em></strong></span> <span class='ocrx_word' id='word_1_79' title='bbox 1708 1129 1777 1194; x_wconf 92' lang='grc' dir='ltr'>Ω</span> <span class='ocrx_word' id='word_1_80' title='bbox 1825 1169 1903 1179; x_wconf 90' lang='grc'>-</span> <span class='ocrx_word' id='word_1_81' title='bbox 1948 1134 2110 1198; x_wconf 66' lang='grc' dir='ltr'><strong><em>αι’-τὺ</em></strong></span> <span class='ocrx_word' id='word_1_82' title='bbox 2138 1134 2158 1218; x_wconf 93' lang='grc' dir='ltr'><strong><em>Ι</em></strong></span> <span class='ocrx_word' id='word_1_83' title='bbox 2186 1134 2346 1198; x_wconf 57' lang='lat' dir='ltr'><strong><em>affre}</em></strong></span> 
     </span>
     <span class='ocr_line' id='line_1_13' title="bbox 406 1231 2350 1319; baseline 0.001 -23"><span class='ocrx_word' id='word_1_84' title='bbox 406 1232 480 1296; x_wconf 87' lang='grc' dir='ltr'>Ψ</span> <span class='ocrx_word' id='word_1_85' title='bbox 509 1272 587 1282; x_wconf 92' lang='grc'>-</span> <span class='ocrx_word' id='word_1_86' title='bbox 624 1239 688 1314; x_wconf 87' lang='grc' dir='ltr'><strong><em>ἐς</em></strong></span> <span class='ocrx_word' id='word_1_87' title='bbox 731 1262 784 1302; x_wconf 92' lang='grc' dir='ltr'><strong><em>τ.</em></strong></span> <span class='ocrx_word' id='word_1_88' title='bbox 827 1261 886 1316; x_wconf 90' lang='grc' dir='ltr'><strong><em>χ.</em></strong></span> <span class='ocrx_word' id='word_1_89' title='bbox 921 1235 942 1319; x_wconf 93' lang='grc' dir='ltr'><strong><em>Ι</em></strong></span> <span class='ocrx_word' id='word_1_90' title='bbox 983 1242 1071 1313; x_wconf 81' lang='grc' dir='ltr'><strong><em>εἰς</em></strong></span> <span class='ocrx_word' id='word_1_91' title='bbox 1099 1262 1152 1301; x_wconf 93' lang='grc' dir='ltr'><strong><em>τ.</em></strong></span> <span class='ocrx_word' id='word_1_92' title='bbox 1181 1261 1239 1316; x_wconf 90' lang='grc' dir='ltr'><strong><em>χ.</em></strong></span> <span class='ocrx_word' id='word_1_93' title='bbox 1284 1231 1409 1297; x_wconf 86' lang='grc' dir='ltr'><strong><em>ΩΓ</em></strong></span> <span class='ocrx_word' id='word_1_94' title='bbox 1455 1270 1529 1280; x_wconf 91' lang='grc'>-</span> <span class='ocrx_word' id='word_1_95' title='bbox 1581 1236 1950 1314; x_wconf 73' lang='grc' dir='ltr'><strong><em>ἀπέβλεπον</em></strong></span> <span class='ocrx_word' id='word_1_96' title='bbox 1976 1235 1996 1318; x_wconf 95' lang='grc' dir='ltr'><strong><em>Ι</em></strong></span> <span class='ocrx_word' id='word_1_97' title='bbox 2026 1238 2350 1314; x_wconf 60' lang='grc' dir='ltr'><strong><em>ἐςιεπέρῌε-</em></strong></span> 
     </span>
     <span class='ocr_line' id='line_1_14' title="bbox 405 1335 2342 1425; baseline 0 -23"><span class='ocrx_word' id='word_1_98' title='bbox 405 1364 529 1404; x_wconf 84' lang='grc' dir='ltr'><strong><em>πον</em></strong></span> <span class='ocrx_word' id='word_1_99' title='bbox 558 1335 627 1400; x_wconf 90' lang='grc' dir='ltr'>Ω</span> <span class='ocrx_word' id='word_1_100' title='bbox 677 1375 752 1383; x_wconf 89' lang='grc'><strong>-</strong></span> <span class='ocrx_word' id='word_1_101' title='bbox 787 1342 920 1403; x_wconf 81' lang='grc' dir='ltr'><strong><em>ἐπεὶ</em></strong></span> <span class='ocrx_word' id='word_1_102' title='bbox 949 1344 1015 1403; x_wconf 76' lang='grc' dir='ltr'><strong><em>δὲ</em></strong></span> <span class='ocrx_word' id='word_1_103' title='bbox 1044 1345 1152 1403; x_wconf 84' lang='grc' dir='ltr'><strong><em>καὶ</em></strong></span> <span class='ocrx_word' id='word_1_104' title='bbox 1178 1336 1199 1421; x_wconf 87' lang='grc' dir='ltr'>Ι</span> <span class='ocrx_word' id='word_1_105' title='bbox 1227 1359 1341 1400; x_wconf 88' lang='lat' dir='ltr'><strong><em>om.</em></strong></span> <span class='ocrx_word' id='word_1_106' title='bbox 1371 1344 1480 1402; x_wconf 83' lang='grc' dir='ltr'><strong><em>καὶ</em></strong></span> <span class='ocrx_word' id='word_1_107' title='bbox 1526 1335 1577 1398; x_wconf 83' lang='grc' dir='ltr'>Γ</span> <span class='ocrx_word' id='word_1_108' title='bbox 1613 1373 1689 1384; x_wconf 90' lang='lat'><strong><em>--</em></strong></span> <span class='ocrx_word' id='word_1_109' title='bbox 1720 1341 1790 1402; x_wconf 80' lang='grc' dir='ltr'><strong><em>ἐν</em></strong></span> <span class='ocrx_word' id='word_1_110' title='bbox 1827 1348 1922 1425; x_wconf 79' lang='grc' dir='ltr'><strong><em>τῷ</em></strong></span> <span class='ocrx_word' id='word_1_111' title='bbox 1952 1337 2070 1403; x_wconf 63' lang='grc' dir='ltr'><strong><em>ῧᾶα</em></strong></span> <span class='ocrx_word' id='word_1_112' title='bbox 2082 1366 2130 1402; x_wconf 75' lang='grc' dir='ltr'><strong><em>Π</em></strong></span> <span class='ocrx_word' id='word_1_113' title='bbox 2166 1342 2342 1422; x_wconf 34' lang='lat' dir='ltr'><strong><em>&amp;zm-⁷</em></strong></span> 
     </span>
     <span class='ocr_line' id='line_1_15' title="bbox 403 1437 2346 1527; baseline 0.001 -22"><span class='ocrx_word' id='word_1_114' title='bbox 403 1446 598 1517; x_wconf 89' lang='grc' dir='ltr'><strong><em>μένον</em></strong></span> <span class='ocrx_word' id='word_1_115' title='bbox 625 1439 646 1526; x_wconf 97' lang='grc' dir='ltr'><strong><em>Ι</em></strong></span> <span class='ocrx_word' id='word_1_116' title='bbox 676 1441 812 1524; x_wconf 77' lang='grc' dir='ltr'><strong><em>εὕρ.</em></strong></span> <span class='ocrx_word' id='word_1_117' title='bbox 846 1443 916 1506; x_wconf 85' lang='grc' dir='ltr'><strong><em>ἐν</em></strong></span> <span class='ocrx_word' id='word_1_118' title='bbox 958 1450 1053 1527; x_wconf 80' lang='grc' dir='ltr'><strong><em>τῷ</em></strong></span> <span class='ocrx_word' id='word_1_119' title='bbox 1098 1438 1281 1505; x_wconf 66' lang='lat' dir='ltr'><em>{Idan</em></span> <span class='ocrx_word' id='word_1_120' title='bbox 1310 1437 1390 1501; x_wconf 66' lang='lat'><strong><em>&#39;1¹&#39;</em></strong></span> <span class='ocrx_word' id='word_1_121' title='bbox 1443 1475 1517 1485; x_wconf 91' lang='lat'><strong><em>—-</em></strong></span> <span class='ocrx_word' id='word_1_122' title='bbox 1564 1443 1628 1518; x_wconf 87' lang='grc' dir='ltr'><strong><em>ἐς</em></strong></span> <span class='ocrx_word' id='word_1_123' title='bbox 1656 1448 1886 1521; x_wconf 87' lang='grc' dir='ltr'><strong><em>κοίλην</em></strong></span> <span class='ocrx_word' id='word_1_124' title='bbox 1928 1439 1946 1521; x_wconf 91' lang='grc' dir='ltr'><strong><em>Ι</em></strong></span> <span class='ocrx_word' id='word_1_125' title='bbox 1989 1446 2074 1518; x_wconf 67' lang='grc' dir='ltr'><strong><em>εἰς</em></strong></span> <span class='ocrx_word' id='word_1_126' title='bbox 2118 1450 2346 1522; x_wconf 60' lang='grc' dir='ltr'><strong><em>,κοίλην</em></strong></span> 
     </span>
     <span class='ocr_line' id='line_1_16' title="bbox 404 1541 2354 1626; baseline 0.002 -23"><span class='ocrx_word' id='word_1_127' title='bbox 404 1541 453 1603; x_wconf 94' lang='grc' dir='ltr'>Γ</span> <span class='ocrx_word' id='word_1_128' title='bbox 515 1579 591 1589; x_wconf 86' lang='lat'><em>-</em></span> <span class='ocrx_word' id='word_1_129' title='bbox 650 1546 902 1608; x_wconf 86' lang='grc' dir='ltr'><strong><em>ἐκείνου</em></strong></span> <span class='ocrx_word' id='word_1_130' title='bbox 946 1541 967 1626; x_wconf 91' lang='grc' dir='ltr'>Ι</span> <span class='ocrx_word' id='word_1_131' title='bbox 1010 1546 1219 1608; x_wconf 85' lang='grc' dir='ltr'><strong><em>ἐκεῖνο</em></strong></span> <span class='ocrx_word' id='word_1_132' title='bbox 1277 1544 1336 1605; x_wconf 88' lang='lat' dir='ltr'>U</span> <span class='ocrx_word' id='word_1_133' title='bbox 1391 1578 1467 1588; x_wconf 89' lang='lat'>-</span> <span class='ocrx_word' id='word_1_134' title='bbox 1531 1545 2005 1618; x_wconf 75' lang='grc' dir='ltr'><strong><em>ἐνεπίμπλαντο</em></strong></span> <span class='ocrx_word' id='word_1_135' title='bbox 2050 1542 2066 1626; x_wconf 89' lang='grc' dir='ltr'><strong><em>Ι</em></strong></span> <span class='ocrx_word' id='word_1_136' title='bbox 2110 1550 2354 1618; x_wconf 64' lang='grc' dir='ltr'><strong><em>ἐνεπίμ-</em></strong></span> 
     </span>
     <span class='ocr_line' id='line_1_17' title="bbox 406 1641 2358 1728; baseline -0.002 -18"><span class='ocrx_word' id='word_1_137' title='bbox 406 1655 610 1711; x_wconf 83' lang='grc' dir='ltr'><strong><em>πλατο</em></strong></span> <span class='ocrx_word' id='word_1_138' title='bbox 657 1641 726 1706; x_wconf 92' lang='grc' dir='ltr'>Ω</span> <span class='ocrx_word' id='word_1_139' title='bbox 769 1681 854 1691; x_wconf 90' lang='lat'><em>-</em></span> <span class='ocrx_word' id='word_1_140' title='bbox 898 1644 1143 1726; x_wconf 77' lang='grc' dir='ltr'><strong><em>ὑγίειαν</em></strong></span> <span class='ocrx_word' id='word_1_141' title='bbox 1186 1644 1206 1727; x_wconf 86' lang='grc' dir='ltr'><strong><em>Ι</em></strong></span> <span class='ocrx_word' id='word_1_142' title='bbox 1250 1644 1489 1725; x_wconf 74' lang='grc' dir='ltr'><strong><em>ῦγιειάς</em></strong></span> <span class='ocrx_word' id='word_1_143' title='bbox 1533 1641 1657 1707; x_wconf 90' lang='grc' dir='ltr'><strong><em>ΩΓ</em></strong></span> <span class='ocrx_word' id='word_1_144' title='bbox 1711 1679 1785 1689; x_wconf 92' lang='grc'>-</span> <span class='ocrx_word' id='word_1_145' title='bbox 1834 1649 1967 1710; x_wconf 72' lang='grc' dir='ltr'><strong><em>ἵετο</em></strong></span> <span class='ocrx_word' id='word_1_146' title='bbox 2010 1644 2030 1728; x_wconf 87' lang='grc' dir='ltr'><strong><em>Ι</em></strong></span> <span class='ocrx_word' id='word_1_147' title='bbox 2074 1646 2258 1726; x_wconf 58' lang='grc' dir='ltr'><strong><em>ἕχει-ο</em></strong></span> <span class='ocrx_word' id='word_1_148' title='bbox 2302 1650 2358 1706; x_wconf 83' lang='lat' dir='ltr'>U</span> 
     </span>
     <span class='ocr_line' id='line_1_18' title="bbox 407 1742 2358 1829; baseline -0.001 -17"><span class='ocrx_word' id='word_1_149' title='bbox 407 1785 486 1794; x_wconf 93' lang='lat'>—</span> <span class='ocrx_word' id='word_1_150' title='bbox 545 1754 655 1812; x_wconf 83' lang='grc' dir='ltr'><strong><em>καὶ</em></strong></span> <span class='ocrx_word' id='word_1_151' title='bbox 711 1744 832 1812; x_wconf 88' lang='grc' dir='ltr'><strong><em>τὸν</em></strong></span> <span class='ocrx_word' id='word_1_152' title='bbox 885 1747 1345 1829; x_wconf 71' lang='grc' dir='ltr'><strong><em>ἀρτιγέννητον</em></strong></span> <span class='ocrx_word' id='word_1_153' title='bbox 1388 1744 1411 1828; x_wconf 90' lang='grc' dir='ltr'>Ι</span> <span class='ocrx_word' id='word_1_154' title='bbox 1451 1767 1565 1809; x_wconf 89' lang='lat' dir='ltr'><strong><em>om.</em></strong></span> <span class='ocrx_word' id='word_1_155' title='bbox 1610 1752 1717 1811; x_wconf 85' lang='grc' dir='ltr'><strong><em>καὶ</em></strong></span> <span class='ocrx_word' id='word_1_156' title='bbox 1763 1742 1927 1826; x_wconf 79' lang='grc' dir='ltr'><strong><em>ΨΠ,</em></strong></span> <span class='ocrx_word' id='word_1_157' title='bbox 1985 1767 2098 1808; x_wconf 82' lang='lat' dir='ltr'><strong><em>om.</em></strong></span> <span class='ocrx_word' id='word_1_158' title='bbox 2144 1746 2258 1810; x_wconf 64' lang='grc' dir='ltr'><strong><em>τὸν</em></strong></span> <span class='ocrx_word' id='word_1_159' title='bbox 2306 1750 2358 1810; x_wconf 82' lang='lat' dir='ltr'>U</span> 
     </span>
     <span class='ocr_line' id='line_1_19' title="bbox 405 1844 1938 1933; baseline -0.005 -18"><span class='ocrx_word' id='word_1_160' title='bbox 405 1886 478 1895; x_wconf 90' lang='lat'>—</span> <span class='ocrx_word' id='word_1_161' title='bbox 529 1856 624 1928; x_wconf 76' lang='grc' dir='ltr'><strong><em>δὶς</em></strong></span> <span class='ocrx_word' id='word_1_162' title='bbox 666 1847 687 1933; x_wconf 88' lang='grc' dir='ltr'><strong><em>Ι</em></strong></span> <span class='ocrx_word' id='word_1_163' title='bbox 729 1847 920 1927; x_wconf 80' lang='grc' dir='ltr'><strong><em>αὖθις</em></strong></span> <span class='ocrx_word' id='word_1_164' title='bbox 963 1853 1020 1912; x_wconf 90' lang='lat' dir='ltr'>U</span> <span class='ocrx_word' id='word_1_165' title='bbox 1061 1885 1147 1896; x_wconf 96' lang='lat'><strong>—</strong></span> <span class='ocrx_word' id='word_1_166' title='bbox 1190 1848 1341 1914; x_wconf 77' lang='grc' dir='ltr'><strong><em>οὐδέ</em></strong></span> <span class='ocrx_word' id='word_1_167' title='bbox 1385 1874 1456 1929; x_wconf 92' lang='grc' dir='ltr'><strong><em>γε</em></strong></span> <span class='ocrx_word' id='word_1_168' title='bbox 1500 1847 1521 1931; x_wconf 86' lang='grc' dir='ltr'><strong><em>Ι</em></strong></span> <span class='ocrx_word' id='word_1_169' title='bbox 1568 1848 1724 1914; x_wconf 75' lang='grc' dir='ltr'><strong><em>οὐδ’</em></strong></span> <span class='ocrx_word' id='word_1_170' title='bbox 1769 1851 1839 1912; x_wconf 85' lang='grc' dir='ltr'><strong><em>ἐκ</em></strong></span> <span class='ocrx_word' id='word_1_171' title='bbox 1888 1844 1938 1908; x_wconf 87' lang='grc' dir='ltr'>Γ</span> 
     </span>
    </p>

    <p class='ocr_par' dir='ltr' id='par_1_7' title="bbox 403 1947 2358 3056">
     <span class='ocr_line' id='line_1_20' title="bbox 405 1947 2358 2036; baseline -0.002 -18"><span class='ocrx_word' id='word_1_172' title='bbox 405 1951 635 2036; x_wconf 77' lang='grc' dir='ltr'><strong><em>ἡμέρας</em></strong></span> <span class='ocrx_word' id='word_1_173' title='bbox 665 1957 785 2030; x_wconf 76' lang='grc' dir='ltr'><strong><em>μὲν</em></strong></span> <span class='ocrx_word' id='word_1_174' title='bbox 816 1949 938 2019; x_wconf 78' lang='grc' dir='ltr'><strong><em>οὖν</em></strong></span> <span class='ocrx_word' id='word_1_175' title='bbox 967 1951 988 2035; x_wconf 93' lang='grc' dir='ltr'><strong><em>Ι</em></strong></span> <span class='ocrx_word' id='word_1_176' title='bbox 1015 1951 1114 2034; x_wconf 76' lang='grc' dir='ltr'><strong><em>ἣμ.</em></strong></span> <span class='ocrx_word' id='word_1_177' title='bbox 1149 1957 1268 2030; x_wconf 75' lang='grc' dir='ltr'><strong><em>μὲν</em></strong></span> <span class='ocrx_word' id='word_1_178' title='bbox 1298 1947 1424 2016; x_wconf 85' lang='grc' dir='ltr'><strong><em>οὖν</em></strong></span> <span class='ocrx_word' id='word_1_179' title='bbox 1465 1976 1646 2028; x_wconf 92' lang='grc' dir='ltr'><strong><em>τινας</em></strong></span> <span class='ocrx_word' id='word_1_180' title='bbox 1688 1954 1744 2012; x_wconf 92' lang='lat' dir='ltr'>U</span> <span class='ocrx_word' id='word_1_181' title='bbox 1789 1987 1863 1996; x_wconf 91' lang='lat'>—</span> <span class='ocrx_word' id='word_1_182' title='bbox 1916 1961 2050 2015; x_wconf 68' lang='grc' dir='ltr'><strong><em>τῶν</em></strong></span> <span class='ocrx_word' id='word_1_183' title='bbox 2098 1962 2234 2030; x_wconf 66' lang='lat' dir='ltr'><strong><em>Hmf</em></strong></span> <span class='ocrx_word' id='word_1_184' title='bbox 2250 1962 2302 2014; x_wconf 69' lang='grc' dir='ltr'><strong><em>λ.</em></strong></span> <span class='ocrx_word' id='word_1_185' title='bbox 2338 1950 2358 2034; x_wconf 87' lang='grc' dir='ltr'><strong><em>Ι</em></strong></span> 
     </span>
     <span class='ocr_line' id='line_1_21' title="bbox 406 2050 2354 2137; baseline -0.001 -21"><span class='ocrx_word' id='word_1_186' title='bbox 406 2076 514 2116; x_wconf 90' lang='lat' dir='ltr'><strong><em>om.</em></strong></span> <span class='ocrx_word' id='word_1_187' title='bbox 560 2064 697 2120; x_wconf 81' lang='grc' dir='ltr'><strong><em>τῶν</em></strong></span> <span class='ocrx_word' id='word_1_188' title='bbox 740 2058 797 2117; x_wconf 90' lang='lat' dir='ltr'>U</span> <span class='ocrx_word' id='word_1_189' title='bbox 837 2090 923 2101; x_wconf 96' lang='lat'><strong>—</strong></span> <span class='ocrx_word' id='word_1_190' title='bbox 953 2054 1476 2137; x_wconf 77' lang='grc' dir='ltr'><strong><em>ὕπερεπέπληστο</em></strong></span> <span class='ocrx_word' id='word_1_191' title='bbox 1506 2052 1525 2135; x_wconf 91' lang='grc' dir='ltr'><strong><em>ΙΙ</em></strong></span> <span class='ocrx_word' id='word_1_192' title='bbox 1565 2057 1923 2136; x_wconf 85' lang='grc' dir='ltr'><strong><em>ἐπέπληστο</em></strong></span> <span class='ocrx_word' id='word_1_193' title='bbox 1967 2050 2046 2114; x_wconf 76' lang='grc' dir='ltr'><strong>Ἷ·”“</strong></span> <span class='ocrx_word' id='word_1_194' title='bbox 2098 2090 2169 2098; x_wconf 83' lang='grc'>-</span> <span class='ocrx_word' id='word_1_195' title='bbox 2218 2058 2354 2134; x_wconf 56' lang='grc' dir='ltr'><strong><em>ἐξῃ-</em></strong></span> 
     </span>
     <span class='ocr_line' id='line_1_22' title="bbox 409 2152 2346 2241; baseline -0.002 -19"><span class='ocrx_word' id='word_1_196' title='bbox 409 2162 705 2241; x_wconf 89' lang='grc' dir='ltr'><strong><em>ρημένων</em></strong></span> <span class='ocrx_word' id='word_1_197' title='bbox 759 2155 779 2241; x_wconf 96' lang='grc' dir='ltr'><strong><em>Ι</em></strong></span> <span class='ocrx_word' id='word_1_198' title='bbox 835 2159 1246 2240; x_wconf 81' lang='grc' dir='ltr'><strong><em>ἐξῦρημένων</em></strong></span> <span class='ocrx_word' id='word_1_199' title='bbox 1301 2152 1355 2216; x_wconf 89' lang='grc' dir='ltr'><strong>Γ</strong></span> <span class='ocrx_word' id='word_1_200' title='bbox 1413 2192 1495 2201; x_wconf 91' lang='grc'><strong>-</strong></span> <span class='ocrx_word' id='word_1_201' title='bbox 1551 2164 1774 2238; x_wconf 82' lang='grc' dir='ltr'><strong><em>κλίνης</em></strong></span> <span class='ocrx_word' id='word_1_202' title='bbox 1831 2155 1851 2239; x_wconf 90' lang='grc' dir='ltr'><strong><em>Ι</em></strong></span> <span class='ocrx_word' id='word_1_203' title='bbox 1892 2152 2130 2239; x_wconf 67' lang='grc' dir='ltr'><strong><em>κλήςιᾞς</em></strong></span> <span class='ocrx_word' id='word_1_204' title='bbox 2174 2159 2226 2219; x_wconf 76' lang='lat' dir='ltr'>U</span> <span class='ocrx_word' id='word_1_205' title='bbox 2274 2191 2346 2199; x_wconf 49' lang='lat' dir='ltr'>d</span> 
     </span>
     <span class='ocr_line' id='line_1_23' title="bbox 410 2257 2354 2343; baseline -0.003 -18"><span class='ocrx_word' id='word_1_206' title='bbox 410 2264 507 2326; x_wconf 84' lang='grc' dir='ltr'><strong><em>ἐπὶ</em></strong></span> <span class='ocrx_word' id='word_1_207' title='bbox 550 2269 774 2343; x_wconf 83' lang='grc' dir='ltr'><strong><em>κλίνης</em></strong></span> <span class='ocrx_word' id='word_1_208' title='bbox 817 2258 836 2342; x_wconf 91' lang='grc' dir='ltr'><strong><em>Ι</em></strong></span> <span class='ocrx_word' id='word_1_209' title='bbox 879 2281 994 2323; x_wconf 91' lang='lat' dir='ltr'><strong><em>om.</em></strong></span> <span class='ocrx_word' id='word_1_210' title='bbox 1040 2257 1091 2321; x_wconf 91' lang='grc' dir='ltr'>Γ</span> <span class='ocrx_word' id='word_1_211' title='bbox 1145 2296 1233 2305; x_wconf 92' lang='lat'><strong><em>—-</em></strong></span> <span class='ocrx_word' id='word_1_212' title='bbox 1280 2269 1506 2343; x_wconf 87' lang='grc' dir='ltr'><strong><em>θεοπρ.</em></strong></span> <span class='ocrx_word' id='word_1_213' title='bbox 1615 2268 1838 2339; x_wconf 89' lang='grc' dir='ltr'><strong><em>θεοπρ.</em></strong></span> <span class='ocrx_word' id='word_1_214' title='bbox 1890 2262 1992 2324; x_wconf 82' lang='grc' dir='ltr'><strong><em>ἐπὶ</em></strong></span> <span class='ocrx_word' id='word_1_215' title='bbox 2038 2267 2258 2343; x_wconf 64' lang='grc' dir='ltr'><strong><em>κλίνης</em></strong></span> <span class='ocrx_word' id='word_1_216' title='bbox 2306 2259 2354 2319; x_wconf 84' lang='grc' dir='ltr'>Γ</span> 
     </span>
     <span class='ocr_line' id='line_1_24' title="bbox 415 2357 2346 2445; baseline 0 -19"><span class='ocrx_word' id='word_1_217' title='bbox 415 2397 485 2407; x_wconf 93' lang='grc'><strong>-</strong></span> <span class='ocrx_word' id='word_1_218' title='bbox 534 2360 890 2440; x_wconf 80' lang='grc' dir='ltr'><strong><em>ἐλάμβανεν</em></strong></span> <span class='ocrx_word' id='word_1_219' title='bbox 933 2361 954 2445; x_wconf 93' lang='grc' dir='ltr'><strong><em>Ι</em></strong></span> <span class='ocrx_word' id='word_1_220' title='bbox 992 2359 1303 2440; x_wconf 79' lang='grc' dir='ltr'><strong><em>λαμβάνει</em></strong></span> <span class='ocrx_word' id='word_1_221' title='bbox 1346 2357 1470 2422; x_wconf 86' lang='grc' dir='ltr'><strong><em>ΩΓ</em></strong></span> <span class='ocrx_word' id='word_1_222' title='bbox 1515 2396 1599 2406; x_wconf 93' lang='grc'><strong>-</strong></span> <span class='ocrx_word' id='word_1_223' title='bbox 1644 2363 1707 2440; x_wconf 88' lang='grc' dir='ltr'><strong><em>ἐς</em></strong></span> <span class='ocrx_word' id='word_1_224' title='bbox 1750 2360 1869 2426; x_wconf 76' lang='grc' dir='ltr'><strong><em>τὸν</em></strong></span> <span class='ocrx_word' id='word_1_225' title='bbox 1910 2386 1967 2426; x_wconf 91' lang='grc' dir='ltr'><strong><em>κ.</em></strong></span> <span class='ocrx_word' id='word_1_226' title='bbox 2014 2358 2034 2443; x_wconf 82' lang='grc' dir='ltr'><strong><em>Ι</em></strong></span> <span class='ocrx_word' id='word_1_227' title='bbox 2078 2367 2162 2439; x_wconf 67' lang='grc' dir='ltr'><strong><em>εἰς</em></strong></span> <span class='ocrx_word' id='word_1_228' title='bbox 2208 2387 2254 2427; x_wconf 71' lang='lat' dir='ltr'><strong><em>r.</em></strong></span> <span class='ocrx_word' id='word_1_229' title='bbox 2294 2387 2346 2427; x_wconf 70' lang='grc' dir='ltr'><strong><em>κ.</em></strong></span> 
     </span>
     <span class='ocr_line' id='line_1_25' title="bbox 412 2459 2358 2547; baseline 0.001 -23"><span class='ocrx_word' id='word_1_230' title='bbox 412 2460 539 2525; x_wconf 84' lang='grc' dir='ltr'><strong><em>ΨΓ</em></strong></span> <span class='ocrx_word' id='word_1_231' title='bbox 567 2499 654 2510; x_wconf 89' lang='lat'><strong><em>-—</em></strong></span> <span class='ocrx_word' id='word_1_232' title='bbox 682 2462 844 2529; x_wconf 82' lang='grc' dir='ltr'><strong><em>ὄντα</em></strong></span> <span class='ocrx_word' id='word_1_233' title='bbox 870 2462 890 2546; x_wconf 86' lang='grc' dir='ltr'><strong><em>Ι</em></strong></span> <span class='ocrx_word' id='word_1_234' title='bbox 920 2484 1035 2525; x_wconf 89' lang='lat' dir='ltr'><strong><em>om.</em></strong></span> <span class='ocrx_word' id='word_1_235' title='bbox 1067 2459 1145 2523; x_wconf 96' lang='grc' dir='ltr'>Ψ</span> <span class='ocrx_word' id='word_1_236' title='bbox 1188 2499 1272 2509; x_wconf 85' lang='grc'>-</span> <span class='ocrx_word' id='word_1_237' title='bbox 1316 2460 1571 2547; x_wconf 80' lang='grc' dir='ltr'><strong><em>αῦτοῦΙ</em></strong></span> <span class='ocrx_word' id='word_1_238' title='bbox 1608 2462 1815 2528; x_wconf 78' lang='grc' dir='ltr'><strong><em>αὐτοῦ</em></strong></span> <span class='ocrx_word' id='word_1_239' title='bbox 1858 2459 1910 2522; x_wconf 92' lang='grc' dir='ltr'>Γ</span> <span class='ocrx_word' id='word_1_240' title='bbox 1955 2499 2038 2508; x_wconf 88' lang='grc'>-</span> <span class='ocrx_word' id='word_1_241' title='bbox 2082 2463 2170 2539; x_wconf 66' lang='grc' dir='ltr'><strong><em>ὡς</em></strong></span> <span class='ocrx_word' id='word_1_242' title='bbox 2202 2471 2306 2527; x_wconf 66' lang='grc' dir='ltr'><strong><em>καὶ</em></strong></span> <span class='ocrx_word' id='word_1_243' title='bbox 2342 2463 2358 2547; x_wconf 98' lang='grc' dir='ltr'><strong><em>Ι</em></strong></span> 
     </span>
     <span class='ocr_line' id='line_1_26' title="bbox 415 2563 2356 2650; baseline -0.001 -22"><span class='ocrx_word' id='word_1_244' title='bbox 415 2587 525 2629; x_wconf 92' lang='lat' dir='ltr'><strong><em>om.</em></strong></span> <span class='ocrx_word' id='word_1_245' title='bbox 554 2564 627 2647; x_wconf 82' lang='grc' dir='ltr'><strong><em>Γ,</em></strong></span> <span class='ocrx_word' id='word_1_246' title='bbox 673 2587 792 2643; x_wconf 67' lang='lat' dir='ltr'><strong><em>om.</em></strong></span> <span class='ocrx_word' id='word_1_247' title='bbox 833 2574 940 2631; x_wconf 79' lang='grc' dir='ltr'><strong><em>καὶ</em></strong></span> <span class='ocrx_word' id='word_1_248' title='bbox 984 2563 1065 2627; x_wconf 88' lang='grc' dir='ltr'>Ψ</span> <span class='ocrx_word' id='word_1_249' title='bbox 1108 2602 1191 2611; x_wconf 90' lang='lat'>—</span> <span class='ocrx_word' id='word_1_250' title='bbox 1221 2563 1661 2650; x_wconf 76' lang='grc' dir='ltr'><strong><em>προκεχύσθαι</em></strong></span> <span class='ocrx_word' id='word_1_251' title='bbox 1705 2565 1910 2631; x_wconf 81' lang='grc' dir='ltr'><strong><em>αὐτοῦ</em></strong></span> <span class='ocrx_word' id='word_1_252' title='bbox 2013 2567 2218 2631; x_wconf 59' lang='lat' dir='ltr'><strong><em>cti-mi?</em></strong></span> <span class='ocrx_word' id='word_1_253' title='bbox 2262 2591 2356 2627; x_wconf 71' lang='grc' dir='ltr'><strong><em>κε-</em></strong></span> 
     </span>
     <span class='ocr_line' id='line_1_27' title="bbox 403 2663 2354 2751; baseline -0.001 -18"><span class='ocrx_word' id='word_1_254' title='bbox 403 2667 640 2749; x_wconf 84' lang='grc' dir='ltr'><strong><em>χύσθαι</em></strong></span> <span class='ocrx_word' id='word_1_255' title='bbox 683 2665 819 2731; x_wconf 82' lang='grc' dir='ltr'><strong><em>ΨΠ</em></strong></span> <span class='ocrx_word' id='word_1_256' title='bbox 871 2704 955 2712; x_wconf 94' lang='grc'><strong>-</strong></span> <span class='ocrx_word' id='word_1_257' title='bbox 1012 2666 1144 2734; x_wconf 72' lang='grc' dir='ltr'><strong><em>ὑπὸ</em></strong></span> <span class='ocrx_word' id='word_1_258' title='bbox 1188 2665 1396 2751; x_wconf 85' lang='grc' dir='ltr'><strong><em>μα’λης</em></strong></span> <span class='ocrx_word' id='word_1_259' title='bbox 1440 2666 1459 2751; x_wconf 90' lang='grc' dir='ltr'><strong><em>Ι</em></strong></span> <span class='ocrx_word' id='word_1_260' title='bbox 1502 2665 1635 2733; x_wconf 79' lang='grc' dir='ltr'><strong><em>ὑπὸ</em></strong></span> <span class='ocrx_word' id='word_1_261' title='bbox 1690 2667 1902 2750; x_wconf 87' lang='grc' dir='ltr'><strong><em>μα’λην</em></strong></span> <span class='ocrx_word' id='word_1_262' title='bbox 1945 2663 2022 2728; x_wconf 90' lang='grc' dir='ltr'>Ψ</span> <span class='ocrx_word' id='word_1_263' title='bbox 2066 2703 2146 2711; x_wconf 93' lang='grc'>-</span> <span class='ocrx_word' id='word_1_264' title='bbox 2194 2667 2354 2731; x_wconf 66' lang='grc' dir='ltr'><strong><em>κατὰ</em></strong></span> 
     </span>
     <span class='ocr_line' id='line_1_28' title="bbox 409 2767 2354 2863; baseline 0 -28"><span class='ocrx_word' id='word_1_265' title='bbox 409 2768 692 2854; x_wconf 78' lang='grc' dir='ltr'><strong><em>θάτερον</em></strong></span> <span class='ocrx_word' id='word_1_266' title='bbox 748 2779 875 2837; x_wconf 89' lang='grc' dir='ltr'><strong><em>τοῦ</em></strong></span> <span class='ocrx_word' id='word_1_267' title='bbox 932 2769 1253 2851; x_wconf 78' lang='grc' dir='ltr'><strong><em>πώγωνος</em></strong></span> <span class='ocrx_word' id='word_1_268' title='bbox 1297 2769 1316 2853; x_wconf 88' lang='grc' dir='ltr'><strong><em>Ι</em></strong></span> <span class='ocrx_word' id='word_1_269' title='bbox 1358 2795 1414 2836; x_wconf 95' lang='grc' dir='ltr'><strong><em>κ.</em></strong></span> <span class='ocrx_word' id='word_1_270' title='bbox 1480 2769 1761 2863; x_wconf 67' lang='grc' dir='ltr'><strong><em>θάτερον</em></strong></span> <span class='ocrx_word' id='word_1_271' title='bbox 1820 2779 1943 2836; x_wconf 92' lang='grc' dir='ltr'><strong><em>τοῦ</em></strong></span> <span class='ocrx_word' id='word_1_272' title='bbox 1980 2779 2258 2851; x_wconf 65' lang='grc' dir='ltr'><strong><em>χιτῶνος</em></strong></span> <span class='ocrx_word' id='word_1_273' title='bbox 2306 2767 2354 2827; x_wconf 85' lang='grc' dir='ltr'>Γ</span> 
     </span>
     <span class='ocr_line' id='line_1_29' title="bbox 413 2867 2354 2956; baseline -0.003 -19"><span class='ocrx_word' id='word_1_274' title='bbox 413 2872 572 2938; x_wconf 81' lang='grc' dir='ltr'><strong><em>κατὰ</em></strong></span> <span class='ocrx_word' id='word_1_275' title='bbox 617 2870 864 2956; x_wconf 76' lang='grc' dir='ltr'><strong><em>θάτερα</em></strong></span> <span class='ocrx_word' id='word_1_276' title='bbox 907 2881 1032 2937; x_wconf 93' lang='grc' dir='ltr'><strong><em>τοῦ</em></strong></span> <span class='ocrx_word' id='word_1_277' title='bbox 1069 2882 1348 2953; x_wconf 81' lang='grc' dir='ltr'><strong><em>χιτῶνος</em></strong></span> <span class='ocrx_word' id='word_1_278' title='bbox 1391 2869 1461 2933; x_wconf 90' lang='grc' dir='ltr'>Ω</span> <span class='ocrx_word' id='word_1_279' title='bbox 1507 2909 1589 2919; x_wconf 91' lang='lat'><em>-</em></span> <span class='ocrx_word' id='word_1_280' title='bbox 1634 2875 1884 2938; x_wconf 86' lang='grc' dir='ltr'><strong><em>ἐκείνου</em></strong></span> <span class='ocrx_word' id='word_1_281' title='bbox 1925 2870 1944 2955; x_wconf 89' lang='grc' dir='ltr'><strong><em>Ι</em></strong></span> <span class='ocrx_word' id='word_1_282' title='bbox 1989 2875 2234 2936; x_wconf 68' lang='grc' dir='ltr'><strong><em>ἐκεῖθεν</em></strong></span> <span class='ocrx_word' id='word_1_283' title='bbox 2278 2867 2354 2931; x_wconf 76' lang='grc' dir='ltr'>Ψ</span> 
     </span>
     <span class='ocr_line' id='line_1_30' title="bbox 419 2970 1337 3056; baseline -0.003 -16"><span class='ocrx_word' id='word_1_284' title='bbox 419 3012 496 3021; x_wconf 86' lang='grc'>-</span> <span class='ocrx_word' id='word_1_285' title='bbox 541 2972 806 3052; x_wconf 79' lang='grc' dir='ltr'><strong><em>πάντως</em></strong></span> <span class='ocrx_word' id='word_1_286' title='bbox 845 2973 864 3056; x_wconf 87' lang='grc' dir='ltr'><strong><em>Ι</em></strong></span> <span class='ocrx_word' id='word_1_287' title='bbox 910 2972 1157 3051; x_wconf 86' lang='grc' dir='ltr'><strong><em>παντὸς</em></strong></span> <span class='ocrx_word' id='word_1_288' title='bbox 1202 2970 1337 3037; x_wconf 83' lang='grc' dir='ltr'><strong><em>ΨΠ</em></strong></span> 
     </span>
    </p>

    <p class='ocr_par' dir='ltr' id='par_1_8' title="bbox 411 3071 2358 3673">
     <span class='ocr_line' id='line_1_31' title="bbox 412 3071 2358 3160; baseline -0.003 -19"><span class='ocrx_word' id='word_1_289' title='bbox 412 3076 725 3160; x_wconf 82' lang='grc' dir='ltr'><strong><em>ἐννόησον</em></strong></span> <span class='ocrx_word' id='word_1_290' title='bbox 828 3073 1177 3159; x_wconf 83' lang='grc' dir='ltr'><strong><em>ἐπινόησον</em></strong></span> <span class='ocrx_word' id='word_1_291' title='bbox 1219 3072 1478 3138; x_wconf 76' lang='grc' dir='ltr'><strong><em>ΩΨἩΓ</em></strong></span> <span class='ocrx_word' id='word_1_292' title='bbox 1535 3113 1619 3122; x_wconf 92' lang='grc'><strong>-</strong></span> <span class='ocrx_word' id='word_1_293' title='bbox 1674 3072 1847 3141; x_wconf 81' lang='grc' dir='ltr'><strong><em>πολὺ</em></strong></span> <span class='ocrx_word' id='word_1_294' title='bbox 1888 3072 1908 3158; x_wconf 95' lang='grc' dir='ltr'><strong><em>Ι</em></strong></span> <span class='ocrx_word' id='word_1_295' title='bbox 1951 3075 2126 3140; x_wconf 62' lang='grc' dir='ltr'><strong><em>πάνυ</em></strong></span> <span class='ocrx_word' id='word_1_296' title='bbox 2174 3071 2222 3135; x_wconf 92' lang='grc' dir='ltr'>Γ</span> <span class='ocrx_word' id='word_1_297' title='bbox 2278 3115 2358 3119; x_wconf 86' lang='grc'>-</span> 
     </span>
     <span class='ocr_line' id='line_1_32' title="bbox 412 3174 2358 3264; baseline -0.002 -21"><span class='ocrx_word' id='word_1_298' title='bbox 412 3182 472 3257; x_wconf 84' lang='grc' dir='ltr'><strong><em>ἐς</em></strong></span> <span class='ocrx_word' id='word_1_299' title='bbox 513 3177 719 3262; x_wconf 88' lang='grc' dir='ltr'><strong><em>κόρον</em></strong></span> <span class='ocrx_word' id='word_1_300' title='bbox 761 3182 782 3264; x_wconf 98' lang='grc' dir='ltr'><strong><em>Ι</em></strong></span> <span class='ocrx_word' id='word_1_301' title='bbox 824 3185 911 3257; x_wconf 87' lang='grc' dir='ltr'><strong><em>εἰς</em></strong></span> <span class='ocrx_word' id='word_1_302' title='bbox 952 3204 1010 3245; x_wconf 91' lang='grc' dir='ltr'><strong><em>κ.</em></strong></span> <span class='ocrx_word' id='word_1_303' title='bbox 1060 3174 1192 3239; x_wconf 88' lang='grc' dir='ltr'><strong><em>ΨΓ</em></strong></span> <span class='ocrx_word' id='word_1_304' title='bbox 1248 3215 1332 3225; x_wconf 90' lang='grc'><strong>-</strong></span> <span class='ocrx_word' id='word_1_305' title='bbox 1387 3181 1877 3261; x_wconf 81' lang='grc' dir='ltr'><strong><em>τεταραγμένων</em></strong></span> <span class='ocrx_word' id='word_1_306' title='bbox 1920 3175 1940 3261; x_wconf 95' lang='grc' dir='ltr'><strong><em>Ι</em></strong></span> <span class='ocrx_word' id='word_1_307' title='bbox 1982 3183 2358 3259; x_wconf 52' lang='grc' dir='ltr'><strong><em>τεταραγμέ-</em></strong></span> 
     </span>
     <span class='ocr_line' id='line_1_33' title="bbox 411 3275 2358 3366; baseline -0.003 -20"><span class='ocrx_word' id='word_1_308' title='bbox 411 3307 528 3348; x_wconf 92' lang='grc' dir='ltr'><strong><em>νον</em></strong></span> <span class='ocrx_word' id='word_1_309' title='bbox 563 3278 644 3343; x_wconf 91' lang='grc' dir='ltr'>Ψ</span> <span class='ocrx_word' id='word_1_310' title='bbox 682 3316 769 3326; x_wconf 89' lang='grc'><strong>-</strong></span> <span class='ocrx_word' id='word_1_311' title='bbox 812 3286 1480 3365; x_wconf 85' lang='grc' dir='ltr'><strong><em>προεκπεπληγμένων</em></strong></span> <span class='ocrx_word' id='word_1_312' title='bbox 1520 3280 1540 3366; x_wconf 96' lang='grc' dir='ltr'><strong><em>Ι</em></strong></span> <span class='ocrx_word' id='word_1_313' title='bbox 1585 3287 2234 3363; x_wconf 59' lang='grc' dir='ltr'><strong><em>προεκπεπληγμένων</em></strong></span> <span class='ocrx_word' id='word_1_314' title='bbox 2282 3275 2358 3339; x_wconf 73' lang='grc' dir='ltr'>Ψ</span> 
     </span>
     <span class='ocr_line' id='line_1_34' title="bbox 414 3380 2358 3468; baseline -0.004 -19"><span class='ocrx_word' id='word_1_315' title='bbox 414 3388 1070 3468; x_wconf 86' lang='grc' dir='ltr'><strong><em>προέκπεπλεγμένων</em></strong></span> <span class='ocrx_word' id='word_1_316' title='bbox 1112 3388 1168 3447; x_wconf 92' lang='lat' dir='ltr'>U</span> <span class='ocrx_word' id='word_1_317' title='bbox 1210 3420 1294 3430; x_wconf 90' lang='lat'><strong>—</strong></span> <span class='ocrx_word' id='word_1_318' title='bbox 1337 3391 1444 3449; x_wconf 79' lang='grc' dir='ltr'><strong><em>καὶ</em></strong></span> <span class='ocrx_word' id='word_1_319' title='bbox 1480 3435 1493 3449; x_wconf 94' lang='grc'><strong>.</strong></span> <span class='ocrx_word' id='word_1_320' title='bbox 1533 3436 1547 3449; x_wconf 96' lang='grc'><strong>.</strong></span> <span class='ocrx_word' id='word_1_321' title='bbox 1586 3436 1599 3449; x_wconf 94' lang='grc'><strong>.</strong></span> <span class='ocrx_word' id='word_1_322' title='bbox 1640 3385 1898 3466; x_wconf 90' lang='grc' dir='ltr'><strong><em>ἐπαιωρ.</em></strong></span> <span class='ocrx_word' id='word_1_323' title='bbox 1947 3380 1966 3465; x_wconf 89' lang='grc' dir='ltr'><strong><em>Ι</em></strong></span> <span class='ocrx_word' id='word_1_324' title='bbox 2007 3403 2118 3443; x_wconf 72' lang='lat' dir='ltr'><strong><em>om.</em></strong></span> <span class='ocrx_word' id='word_1_325' title='bbox 2166 3387 2218 3443; x_wconf 83' lang='lat' dir='ltr'>U</span> <span class='ocrx_word' id='word_1_326' title='bbox 2274 3419 2358 3427; x_wconf 97' lang='lat'><strong>—</strong></span> 
     </span>
     <span class='ocr_line' id='line_1_35' title="bbox 412 3482 2358 3570; baseline 0 -19"><span class='ocrx_word' id='word_1_327' title='bbox 412 3491 743 3554; x_wconf 80' lang='grc' dir='ltr'><strong><em>ἐσελθοῦσι</em></strong></span> <span class='ocrx_word' id='word_1_328' title='bbox 784 3486 806 3570; x_wconf 89' lang='grc' dir='ltr'><strong><em>Ι</em></strong></span> <span class='ocrx_word' id='word_1_329' title='bbox 861 3493 1220 3552; x_wconf 82' lang='grc' dir='ltr'><strong><em>εἰσελθοῦσι</em></strong></span> <span class='ocrx_word' id='word_1_330' title='bbox 1271 3482 1394 3548; x_wconf 91' lang='grc' dir='ltr'><strong><em>ΩΓ</em></strong></span> <span class='ocrx_word' id='word_1_331' title='bbox 1451 3489 1800 3553; x_wconf 81' lang='grc' dir='ltr'><strong><em>ἐπελθοῦσι</em></strong></span> <span class='ocrx_word' id='word_1_332' title='bbox 1845 3483 1923 3547; x_wconf 96' lang='grc' dir='ltr'>Ψ</span> <span class='ocrx_word' id='word_1_333' title='bbox 1977 3522 2058 3532; x_wconf 89' lang='grc'><strong>-</strong></span> <span class='ocrx_word' id='word_1_334' title='bbox 2118 3487 2358 3567; x_wconf 63' lang='grc' dir='ltr'><strong><em>ὀλίγων</em></strong></span> 
     </span>
     <span class='ocr_line' id='line_1_36' title="bbox 412 3585 2350 3673; baseline -0.002 -19"><span class='ocrx_word' id='word_1_335' title='bbox 412 3589 662 3673; x_wconf 73' lang='grc' dir='ltr'><strong><em>ἡμερῶν</em></strong></span> <span class='ocrx_word' id='word_1_336' title='bbox 704 3587 726 3673; x_wconf 90' lang='grc' dir='ltr'><strong><em>Ι</em></strong></span> <span class='ocrx_word' id='word_1_337' title='bbox 766 3588 866 3671; x_wconf 76' lang='grc' dir='ltr'><strong><em>ἣμ.</em></strong></span> <span class='ocrx_word' id='word_1_338' title='bbox 917 3588 1012 3655; x_wconf 80' lang='grc' dir='ltr'><strong><em>ὄλ.</em></strong></span> <span class='ocrx_word' id='word_1_339' title='bbox 1061 3592 1118 3651; x_wconf 98' lang='lat' dir='ltr'>U</span> <span class='ocrx_word' id='word_1_340' title='bbox 1159 3625 1246 3633; x_wconf 96' lang='lat'>—</span> <span class='ocrx_word' id='word_1_341' title='bbox 1290 3585 1729 3670; x_wconf 81' lang='grc' dir='ltr'><strong><em>ἐξηλαύνοντο</em></strong></span> <span class='ocrx_word' id='word_1_342' title='bbox 1772 3588 1793 3672; x_wconf 90' lang='grc' dir='ltr'><strong><em>Ι</em></strong></span> <span class='ocrx_word' id='word_1_343' title='bbox 1825 3592 1989 3672; x_wconf 83' lang='grc' dir='ltr'><strong><em>ἐξηλ.</em></strong></span> <span class='ocrx_word' id='word_1_344' title='bbox 2042 3595 2102 3655; x_wconf 65' lang='grc' dir='ltr'><strong><em>ὑὲ</em></strong></span> <span class='ocrx_word' id='word_1_345' title='bbox 2154 3587 2230 3651; x_wconf 77' lang='grc' dir='ltr'>Ψ</span> <span class='ocrx_word' id='word_1_346' title='bbox 2274 3627 2350 3635; x_wconf 81' lang='grc'><strong><em>--</em></strong></span> 
     </span>
    </p>
   </div>
   <div class='ocr_carea' id='block_1_6' title="bbox 412 3689 2366 3981">
    <p class='ocr_par' dir='ltr' id='par_1_9' title="bbox 412 3689 2366 3981">
     <span class='ocr_line' id='line_1_37' title="bbox 415 3689 2362 3778; baseline -0.001 -21"><span class='ocrx_word' id='word_1_347' title='bbox 415 3692 504 3758; x_wconf 81' lang='grc' dir='ltr'><strong><em>αἐὶ</em></strong></span> <span class='ocrx_word' id='word_1_348' title='bbox 546 3692 567 3778; x_wconf 91' lang='grc' dir='ltr'><strong><em>Ι</em></strong></span> <span class='ocrx_word' id='word_1_349' title='bbox 610 3714 727 3756; x_wconf 90' lang='lat' dir='ltr'><strong><em>om.</em></strong></span> <span class='ocrx_word' id='word_1_350' title='bbox 769 3696 825 3755; x_wconf 91' lang='lat' dir='ltr'>U</span> <span class='ocrx_word' id='word_1_351' title='bbox 880 3727 964 3739; x_wconf 86' lang='lat'><strong><em>-—</em></strong></span> <span class='ocrx_word' id='word_1_352' title='bbox 1016 3689 1435 3756; x_wconf 85' lang='grc' dir='ltr'><strong><em>ἐπεισιόντων</em></strong></span> <span class='ocrx_word' id='word_1_353' title='bbox 1476 3691 1496 3777; x_wconf 96' lang='grc' dir='ltr'><strong><em>Ι</em></strong></span> <span class='ocrx_word' id='word_1_354' title='bbox 1538 3689 1931 3759; x_wconf 87' lang='grc' dir='ltr'><strong><em>ἐπεσιόντων</em></strong></span> <span class='ocrx_word' id='word_1_355' title='bbox 1976 3689 2054 3753; x_wconf 82' lang='grc' dir='ltr'>Ψ</span> <span class='ocrx_word' id='word_1_356' title='bbox 2101 3727 2178 3735; x_wconf 42' lang='grc' dir='ltr'>ᾧ</span> <span class='ocrx_word' id='word_1_357' title='bbox 2230 3705 2362 3759; x_wconf 52' lang='lat' dir='ltr'><strong><em>Met*</em></strong></span> 
     </span>
     <span class='ocr_line' id='line_1_38' title="bbox 412 3790 2366 3879; baseline 0 -20"><span class='ocrx_word' id='word_1_358' title='bbox 412 3794 676 3874; x_wconf 78' lang='grc' dir='ltr'><strong><em>κεὸόνας</em></strong></span> <span class='ocrx_word' id='word_1_359' title='bbox 723 3796 793 3859; x_wconf 86' lang='grc' dir='ltr'><strong><em>ἐν</em></strong></span> <span class='ocrx_word' id='word_1_360' title='bbox 822 3793 844 3879; x_wconf 90' lang='grc' dir='ltr'><strong><em>Ι</em></strong></span> <span class='ocrx_word' id='word_1_361' title='bbox 870 3816 984 3857; x_wconf 90' lang='lat' dir='ltr'><strong><em>om.</em></strong></span> <span class='ocrx_word' id='word_1_362' title='bbox 1028 3790 1108 3856; x_wconf 89' lang='grc' dir='ltr'>Ψ</span> <span class='ocrx_word' id='word_1_363' title='bbox 1152 3830 1237 3839; x_wconf 90' lang='grc'><strong>-</strong></span> <span class='ocrx_word' id='word_1_364' title='bbox 1280 3792 1317 3859; x_wconf 80' lang='grc' dir='ltr'><em>ὃ</em></span> <span class='ocrx_word' id='word_1_365' title='bbox 1346 3798 1464 3872; x_wconf 73' lang='grc' dir='ltr'><strong><em>μὲν</em></strong></span> <span class='ocrx_word' id='word_1_366' title='bbox 1509 3792 1626 3877; x_wconf 73' lang='grc' dir='ltr'><strong><em>ἤδη</em></strong></span> <span class='ocrx_word' id='word_1_367' title='bbox 1656 3794 1675 3878; x_wconf 91' lang='grc' dir='ltr'><strong><em>Ι</em></strong></span> <span class='ocrx_word' id='word_1_368' title='bbox 1704 3815 1817 3857; x_wconf 90' lang='lat' dir='ltr'><strong><em>om.</em></strong></span> <span class='ocrx_word' id='word_1_369' title='bbox 1849 3792 1888 3859; x_wconf 80' lang='grc' dir='ltr'><strong><em>ὃ</em></strong></span> <span class='ocrx_word' id='word_1_370' title='bbox 1918 3791 1999 3855; x_wconf 84' lang='grc' dir='ltr'>Ψ</span> <span class='ocrx_word' id='word_1_371' title='bbox 2042 3831 2122 3839; x_wconf 92' lang='grc'>-</span> <span class='ocrx_word' id='word_1_372' title='bbox 2162 3803 2314 3859; x_wconf 53' lang='lat' dir='ltr'><strong><em>stiffi-1²</em></strong></span> <span class='ocrx_word' id='word_1_373' title='bbox 2346 3792 2366 3879; x_wconf 85' lang='grc' dir='ltr'><strong><em>ΙΙ</em></strong></span> 
     </span>
     <span class='ocr_line' id='line_1_39' title="bbox 413 3894 2362 3981; baseline 0.002 -22"><span class='ocrx_word' id='word_1_374' title='bbox 413 3917 520 3960; x_wconf 91' lang='lat' dir='ltr'><strong><em>om.</em></strong></span> <span class='ocrx_word' id='word_1_375' title='bbox 564 3894 702 3960; x_wconf 83' lang='grc' dir='ltr'><strong><em>ΨΠ</em></strong></span> <span class='ocrx_word' id='word_1_376' title='bbox 756 3932 844 3942; x_wconf 89' lang='grc'><strong>-</strong></span> <span class='ocrx_word' id='word_1_377' title='bbox 897 3911 1269 3981; x_wconf 88' lang='grc' dir='ltr'><strong><em>προσειπεῖν</em></strong></span> <span class='ocrx_word' id='word_1_378' title='bbox 1325 3894 1403 3961; x_wconf 91' lang='grc' dir='ltr'><strong><em>τὸ</em></strong></span> <span class='ocrx_word' id='word_1_379' title='bbox 1462 3894 1745 3963; x_wconf 76' lang='grc' dir='ltr'><strong><em>ὕστατον</em></strong></span> <span class='ocrx_word' id='word_1_380' title='bbox 1806 3894 1827 3981; x_wconf 91' lang='grc' dir='ltr'><strong><em>Ι</em></strong></span> <span class='ocrx_word' id='word_1_381' title='bbox 1869 3915 2238 3979; x_wconf 66' lang='grc' dir='ltr'><strong><em>προσειπεῖν</em></strong></span> <span class='ocrx_word' id='word_1_382' title='bbox 2290 3895 2362 3963; x_wconf 71' lang='grc' dir='ltr'><strong><em>τὸ</em></strong></span> 
     </span>
    </p>
   </div>
   <div class='ocr_carea' id='block_1_7' title="bbox 416 3998 2362 4079">
    <p class='ocr_par' dir='ltr' id='par_1_10' title="bbox 416 3998 2362 4079">
     <span class='ocr_line' id='line_1_40' title="bbox 416 3998 2362 4079; baseline -0.001 -15"><span class='ocrx_word' id='word_1_383' title='bbox 416 3998 544 4067; x_wconf 75' lang='grc' dir='ltr'><strong><em>ὕστ.</em></strong></span> <span class='ocrx_word' id='word_1_384' title='bbox 611 4002 870 4066; x_wconf 81' lang='grc' dir='ltr'><strong><em>ἐδέοντο</em></strong></span> <span class='ocrx_word' id='word_1_385' title='bbox 925 4002 982 4062; x_wconf 95' lang='lat' dir='ltr'>U</span> <span class='ocrx_word' id='word_1_386' title='bbox 1035 4019 1157 4062; x_wconf 81' lang='lat' dir='ltr'><strong><em>rec.</em></strong></span> <span class='ocrx_word' id='word_1_387' title='bbox 1203 4005 1267 4061; x_wconf 83' lang='lat' dir='ltr'><strong><em>ut</em></strong></span> <span class='ocrx_word' id='word_1_388' title='bbox 1308 4001 1432 4062; x_wconf 83' lang='lat' dir='ltr'><strong>vid.</strong></span> <span class='ocrx_word' id='word_1_389' title='bbox 1476 4019 1552 4062; x_wconf 91' lang='lat' dir='ltr'><strong><em>m.</em></strong></span> <span class='ocrx_word' id='word_1_390' title='bbox 1613 4036 1696 4045; x_wconf 93' lang='lat'><strong>—</strong></span> <span class='ocrx_word' id='word_1_391' title='bbox 1752 3998 2090 4079; x_wconf 71' lang='grc' dir='ltr'><strong><em>α’φίκοιντῡ</em></strong></span> <span class='ocrx_word' id='word_1_392' title='bbox 2154 4003 2362 4067; x_wconf 65' lang='grc' dir='ltr'><strong><em>νεαλέ-</em></strong></span> 
     </span>
    </p>
   </div>
  </div>
 </body>
</html>
