2800 4500
416 284 457 340 4
1307 285 1678 339 ΛΟΥΚΙΑΝΟΥ

418 479 684 537 πωμεν,
761 450 1055 550 ὁπόσαι*
1083 467 1226 530 τοῖς
1292 453 1567 542 φαύλως
1629 454 2084 543 συγγράφουσι
2149 461 2572 544 παρακολου-

416 561 680 625 θοῦσιν.
756 555 798 622 ἃ
828 556 948 641 μὲν
979 551 1094 621 οῦν
1122 554 1310 621 κοινὰ
1357 555 1630 622 πάντων
1661 556 1872 642 λόγων
1904 555 2084 624 ἐστὶν
2129 554 2573 644 ἁμαρτήματα

417 659 484 727 ἓν
530 685 602 726 τε
647 666 838 747 φωνῇ
880 659 990 724 καὶ
1039 653 1326 744 ἁρμονίᾳ
1368 660 1477 723 καὶ
1514 658 1780 745 διανοίᾳ
1822 661 1932 725 καὶ
1963 657 2081 746 τὴν
2128 656 2331 749 ἄλλην
2378 655 2570 744 ἀτεχρ

418 767 583 841 νίαν,
630 758 881 845 μακρόν
924 783 998 824 τε
1044 749 1125 824 ἂν
1173 758 1272 846 ε’ίη
1322 758 1642 826 ἐπελθεῖν
1687 762 1798 826 καὶ
1841 763 1959 848 τῆς
2002 763 2348 849 παρούσης
2399 760 2571 829 ῦπο-

418 868 677 941 θέσεως
723 859 837 928 οῦκ
876 860 1087 926 ·ἰ’διον·
1133 859 1351 943 [κοινὰ
1395 859 1550 945 γάρ,
1605 856 1697 938 ῶς
1741 861 1943 949 ἔφην,
1990 858 2312 930 ἁπάντων
2359 864 2573 951 λόγων

351 979 381 1033 ’2
419 966 597 1032 ἐστὶν
645 961 1086 1051 ἁμαρτήματα
1137 961 1205 1028 ἕν
1248 986 1321 1027 τε
1368 966 1560 1049 φωνῇ
1604 965 1713 1028 καὶ
1762 958 2099 1051 ἀρμονίᾳ].
2190 972 2248 1030 7.
2296 964 2338 1031 ἃ
2388 960 2450 1030 δ’
2505 966 2573 1033 ἐν

418 1068 683 1154 ἱστορίᾳ
728 1067 871 1132 ἰ’δια
918 1061 1395 1150 ἁμαρτάνουσι,
1444 1062 1572 1152 [τὰ]
1616 1068 1898 1132 τοιαῦτα
1947 1055 2026 1131 ἂν
2072 1065 2291 1151 εῧροις
2336 1068 2573 1157 ἐπιτη-

417 1171 579 1252 ρῶν,
628 1167 739 1234 οἷα
782 1161 983 1250 κάμοὶ
1030 1167 1355 1244 πολλάκις
1400 1161 1798 1253 ἀκροωμένῳ
1845 1167 2064 1249 ἔδοξε,
2117 1172 2228 1236 καὶ
2272 1171 2572 1253 μάλιστα

312 1314 317 1319 »
413 1262 494 1357 ἢν
540 1262 795 1336 ἅπασιν
843 1262 1067 1346 αὐτοῖς
1124 1263 1553 1355 ἀναπετάσῃς
1609 1267 1693 1334 τὰ
1739 1268 1900 1336 ὦτα.
1991 1264 2108 1335 οὐκ
2165 1266 2440 1355 ἄκαιρον
2502 1274 2574 1340 δὲ

415 1369 658 1454 μεταξὺ
690 1373 797 1438 καὶ
848 1365 1441 1458 ἀπομνημονεῦσαι
1472 1370 1615 1437 ἔνια
1646 1372 2191 1456 παραδείγματος
2224 1372 2409 1440 ἕνεκα
2439 1379 2577 1441 τῶν
2628 1390 2662 1439 9

415 1469 555 1562 ἤδη·
587 1467 760 1540 οὕτω
807 1478 1418 1559 συγγεγραμμένων,
1464 1475 1575 1539 καὶ
1622 1472 1895 1559 πρῶτόν
1938 1498 2012 1559 γε
2058 1472 2295 1555 ἐκεῖνο,
2341 1472 2574 1562 ἡλίκον

418 1572 931 1660 ἁμαρτάνουσιν,
966 1573 1561 1660 ἐπισκοπήσωμεν·
1596 1568 2045 1662 ἀμελήσαντες
2072 1574 2197 1663 γὰρ
2231 1577 2297 1644 οἱ
2328 1579 2576 1645 πολλοὶ

419 1671 633 1744 αὐτῶν
676 1680 795 1743 τοῦ
827 1678 1115 1761 ἱστορεῖν
1147 1676 1228 1741 τὰ
1259 1681 1653 1763 γεγενημένα
1697 1689 1839 1754 τοῖς
1884 1676 2191 1755 ἐπαίνοις
2237 1672 2577 1762 ἀρχόντων

418 1781 527 1846 καὶ
574 1782 957 1867 στρατηγῶν
1004 1777 1514 1865 ἐνδιατρίβουσι,
1563 1779 1720 1856 τοὺς
1762 1780 1882 1863 μὲν
1930 1779 2212 1857 οἰκείους
2257 1781 2352 1859 εἷς
2394 1774 2578 1866 ῧψος

421 1880 829 1968 ἐπαίροντες,
875 1879 1030 1959 τούς
1081 1883 1447 1965 πολεμίους
1499 1881 1570 1947 δὲ
1616 1885 1792 1967 πέρα
1836 1884 1956 1947 τοῦ
1998 1887 2267 1968 μετρίου
2324 1908 2576 1966 καταρ-

421 1990 798 2068 ρίπτοντες,
861 1975 1247 2068 ἀγνοοῦντες
1306 1978 1395 2059 ὥς
1423 1974 1428 1978 ’
1454 1975 1529 2047 οὗ
1588 1985 1798 2068 στενῷ
1850 2009 1946 2069 τῳ
2006 1982 2239 2069 ἰσθμῷ
2297 1984 2578 2065 διώρισ-

418 2111 530 2151 ται
573 2088 683 2151 καὶ
731 2086 1243 2166 διατετείχισται
1286 2080 1327 2172 ἡ
1363 2085 1627 2169 ἱστορία
1672 2084 1848 2168 πρὸς
1890 2083 1965 2151 τὸ
2014 2083 2354 2171 ἐγκώμιον,
2402 2081 2577 2153 ἀλλά

417 2213 484 2255 τι
528 2191 695 2274 μέγα
739 2200 953 2270 τεῖχος
999 2185 1066 2253 ἐν
1108 2190 1292 2272 μέσῳ
1340 2184 1521 2253 ἐστὶν
1568 2179 1784 2254 αὐτῶν
1813 2188 1924 2253 καὶ
1954 2185 2029 2253 τὸ
2060 2190 2192 2254 τῶν
2235 2193 2577 2272 μουσικῶν

420 2290 495 2376 δὴ
541 2294 758 2371 τοῦτο,
806 2290 910 2366 δὶς
955 2287 1067 2355 διὰ
1099 2292 1340 2355 πασῶν
1387 2287 1530 2356 ἐστι
1575 2288 1748 2373 πρὸς
1794 2285 2067 2375 ἄλληλα,
2116 2288 2183 2354 εἴ
2205 2314 2279 2374 γε
2307 2293 2404 2376 τῶ
2446 2291 2574 2375 μὲν

321 2381 331 2390 ’
419 2391 887 2478 ἐγκωμιάζοντι
937 2390 1143 2474 μόνου
1201 2389 1348 2468 ἑνὸς
1391 2393 1608 2474 μέλει,
1669 2388 1984 2458 ὁπωσοῦν
2044 2390 2398 2460 ἐπαινέσαι
2455 2396 2571 2459 καὶ

420 2489 745 2580 εὐφρᾶναι
787 2492 903 2559 τόν
951 2490 1461 2574 ἐπαινούμενον,
1523 2482 1644 2559 κᾶν
1689 2498 2092 2579 ψευσαμένῳ
2144 2489 2405 2580 ὑπάρχῃ
2451 2519 2574 2559 τυ·-

411 2608 551 2676 χεῖν
614 2598 732 2660 τοῦ
797 2596 1058 2675 τέλους,
1134 2590 1173 2681 ἡ
1244 2594 1317 2660 δὲ
1384 2587 1500 2660 οῦκ
1568 2589 1648 2659 ἄν
1713 2620 1779 2662 τι
1846 2594 2097 2678 ψεῦδος
2164 2593 2457 2679 ἐμπεσὸν
2526 2595 2570 2683 ἡ

421 2696 684 2778 ἱστορία
731 2689 875 2761 οὐδ’
943 2694 1291 2781 ἀκαριαῖον
1337 2688 1724 2777 ἀνάσχοιτο,
1782 2688 1857 2762 οῦ
1902 2697 2155 2780 μᾶλλον
2198 2687 2239 2785 ἢ
2284 2695 2402 2785 τὴν
2449 2690 2577 2782 ἀρ-

415 2804 649 2884 τηρίαν
704 2797 948 2881 ἰατρῶν
1008 2797 1248 2874 παῖδές
1305 2820 1478 2885 φασι
1522 2797 1640 2886 τὴν
1682 2811 1989 2882 τραχεῖαν
2047 2797 2580 2883 παραδέξασθαι

352 2917 387 2971 8
425 2896 504 2963 ἄν
549 2926 615 2965 τι
662 2899 757 2977 εἷς
816 2892 1017 2985 αὐτὴν
1073 2903 1489 2965 καταποθέν.
1580 2903 1638 2966 8.
1699 2898 1798 2967 ἔτι
1858 2893 2117 2985 ἀγνοεῖν
2164 2898 2577 2988 ἐοίκασιν-οἱ

418 3004 714 3067 τοιοῦτοι
771 2995 862 3078 ῶς
918 3002 1270 3085 ποιητικῆς
1325 3000 1448 3082 μὲν
1512 3002 1622 3066 καὶ
1678 3000 2078 3087 ποιημάτων
2138 2997 2334 3067 ἄλλαι
2397 2997 2578 3068 ῦπο-

420 3107 676 3184 σχέσεις
718 3103 829 3167 καὶ
875 3100 1144 3178 κανόνες
1190 3101 1374 3181 >ι’διοι,
1426 3102 1723 3188 ἱστορίας
1756 3102 1828 3168 δὲ
1865 3098 2086 3168 ἄλλοι·
2135 3101 2268 3170 ἐκεῖ
2292 3103 2413 3186 μὲν
2443 3102 2575 3191 γὰρ

421 3200 704 3290 ἄκρατος
749 3199 787 3288 ἡ
837 3201 1189 3288 ἐλευθερία
1234 3206 1340 3270 καὶ
1390 3203 1593 3286 νόμος
1640 3203 1752 3284 εἷς,
1799 3202 1874 3271 τὸ
1916 3203 2115 3281 δόξαν
2144 3208 2241 3291 τῷ
2286 3209 2575 3293 ποιητῇ·

421 3306 655 3383 ἔνθεος
698 3303 823 3389 γὰρ
867 3306 978 3370 καὶ
1024 3303 1301 3387 κάτοχος
1346 3304 1416 3370 ἐκ
1459 3309 1788 3386 Μουσῶν,
1834 3307 1945 3372 καὶ
1992 3295 2071 3371 ὃν
2115 3304 2352 3371 ἵππων
2396 3302 2577 3373 ὑπο-

420 3412 683 3493 πτέρων
743 3399 923 3490 ἷίρμα
984 3404 1349 3485 ζεύξασθαι
1408 3405 1610 3493 ἐθέλῃ
1670 3397 1712 3493 ἢ
1769 3400 1880 3494 ἐφ’
1943 3399 2186 3485 ὕδατος
2245 3403 2487 3485 ἄλλους
2530 3400 2577 3497 ἢ
2603 3437 2664 3488 10

357 3584 373 3597 .
421 3502 533 3576 ἐπ’
589 3502 965 3593 ἀνθερίκων
998 3503 1215 3595 ἄκρων
1253 3514 1708 3592 θευσομένους
1754 3502 2258 3596 ἀναβιβάσηται,
2305 3510 2577 3596 φθόνος

424 3606 671 3688 οὐδείς·
722 3604 863 3675 οὐδ’
917 3605 1179 3677 ὁπόταν
1211 3606 1245 3676 ό
1281 3608 1452 3687 Ζεὺς
1499 3604 1713 3676 αὐτῶν
1747 3603 1883 3676 ἀπὸ
1921 3613 2083 3692 μιᾶς
2128 3613 2356 3697 σειρᾶς
2403 3605 2572 3678 ἀνα-

424 3711 692 3789 σπάσας
739 3710 952 3798 αἷωρῇ
997 3708 1165 3795 ὁμοῦ
1208 3715 1326 3800 γῆν
1361 3714 1474 3777 καὶ
1518 3710 1887 3792 θάλατταν,
1937 3712 2198 3779 δεδίασι
2226 3711 2314 3798 μὴ
2350 3705 2574 3799 ἀπορ-

424 3821 733 3902 ραγείσης
778 3814 1026 3902 ἐκείνης
1070 3817 1385 3900 συντριβῇ
1429 3811 1513 3878 τὰ
1568 3812 1791 3878 πάντα
1834 3818 2340 3894 κατενεχθέντα·
2399 3808 2574 3882 ἀλλὰ

422 3918 531 3982 καὶ
565 3906 644 3983 ἀν
681 3911 1144 4002 Ἀγαμέμνονα
1192 3914 1546 3983 ἐπαινέσαι
1576 3916 1890 3995 θέλωσιν,
1939 3908 2156 3993 οὗδεὶς
2186 3912 2222 3982 ὅ
2254 3916 2574 3983 κωλύσων

422 4022 541 4085 Διὶ
586 4019 707 4103 μὲν
755 4014 954 4085 αὐτὸν
999 4010 1236 4102 ὅμοιον
1282 4014 1455 4084 εἶναι
1498 4016 1615 4102 τὴν
1659 4014 1952 4103 κεφαλὴν
1995 4019 2103 4083 καὶ
2148 4015 2230 4081 τὰ
2277 4012 2572 4101 ὄμματα,
