2800 4500
915 235 1596 291 ΑΠΟΚΗΡΥἸΤΟΜΕΝΟΣ.
2252 240 2328 298 87

185 401 379 485 νόμος
429 396 920 491 ἀποκηρύττειν
966 405 1257 495 ἐφίησιν.
1348 400 1518 471 ἀλλὰ
1564 418 1784 472 νοσεῖν
1833 403 2078 495 ἤρξατο
2123 435 2161 497 η
2207 436 2336 498 μη-

186 505 390 591 τρυιά.
481 513 554 573 τί
600 504 755 590 mh,-
801 507 945 591 ἐμοὶ
995 503 1166 576 τοῦτ’
1219 509 1513 595 ἐγκαλεῖς
1540 512 1647 575 καὶ
1676 508 1874 577 νόσου
1907 505 2159 598 δέκἠν
2124 539 2336 580 απαι-

102 617 343 691 178τεῖςς
387 634 487 690 ου,
537 617 764 698 φησίν.
854 616 957 676 22.
1005 604 1176 678 ἀλλὰ
1221 617 1318 696 τίς
1366 610 1777 698 θεραπεύειν
1818 614 2327 698 προσταττόμε-
2358 620 2437 675 22

186 734 286 788 νος
340 704 461 777 οὗκ
519 709 809 796 ἐθέλεις,
868 714 979 780 καὶ
1039 712 1152 780 διὰ
1208 712 1397 780 τοῦτ’
1448 708 1636 792 ἄξιος
1680 703 1949 801 ἃνείἠς
1995 708 2331 803 ἀποκηρύ-

185 811 336 889 ξεως
382 806 699 879 ἀπειθῶν
722 817 819 900 τῷ
850 820 1084 901 πατρί.
1174 812 1298 900 ἐγὼ
1334 815 1406 881 δὲ
1434 814 1512 882 τὸ
1545 816 1666 899 μὲν
1699 814 1810 881 οἶα
1842 815 2332 904 προστάττοντι

187 908 354 1000 αὐτῷ
397 911 763 982 ὑπακούειν
808 908 884 982 οὗ
932 916 1293 1000 δυνάμενος
1340 910 1663 985 ἀπειθεῖν
1723 917 1896 985 δοκῶ
1955 917 2129 1005 πρὸς
2183 913 2329 987 ὀλί-

182 1041 286 1102 γον
329 1012 847 1103 ὑπερθήσομαι·
905 1017 1234 1105 πρότερον
1279 1019 1351 1086 δὲ
1410 1015 1644 1097 ἅπλῶς
1701 1018 1907 1087 ἐκεῖνό
1969 1045 2176 1108 φημι,
2236 1016 2330 1099 ῶς

185 1112 250 1184 οὗ
295 1119 524 1186 πάντα
568 1121 1013 1206 προστάττειν
1059 1117 1213 1188 οὔτε
1254 1121 1470 1207 τούτῳ
1518 1122 1794 1189 δίδωσιν
1851 1118 1887 1189 ὁ
1944 1121 2146 1206 νόμος
2191 1116 2322 1189 οὔτ’

185 1221 322 1305 ἐμοὶ
364 1220 442 1289 τὸ
507 1228 894 1290 πείθεσθαι
937 1227 1110 1292 πᾶσι
1165 1223 1441 1301 πάντως
1499 1216 1877 1310 ἀναγκαῖον.
1967 1223 2035 1291 ἐν
2091 1223 2155 1290 δ’
2215 1210 2329 1292 οὖν

182 1338 314 1402 τοῖς
369 1328 505 1391 τῶν
552 1325 1089 1413 προσταγμάτων
1145 1325 1231 1392 τὰ
1291 1327 1412 1411 μὲν
1458 1320 1795 1393 ἀνεύθυνά
1856 1326 2034 1407 ἐστι,
2104 1326 2187 1393 τὰ
2256 1328 2329 1394 δὲ

184 1420 368 1515 ὀργῆς
411 1429 525 1494 καὶ
547 1434 875 1514 τιμωρίας
908 1425 1095 1507 ἀξια·
1145 1428 1261 1495 ἐὰν
1301 1432 1503 1516 νοσῇς
1533 1423 1753 1509 αὐτός,
1802 1427 1928 1515 ἐγώ
1964 1429 2035 1495 δὲ
2067 1424 2326 1513 ἀμελῶ·

186 1527 288 1594 ἐὰν
345 1532 479 1595 τῶν
538 1525 674 1595 κατ’
736 1528 918 1598 οἶκον
975 1525 1458 1616 ἐπιμελεῖσθαι
1515 1531 1812 1619 κελεύῃς,
1868 1524 1994 1617 ἐγὼ
2053 1532 2125 1598 δὲ
2182 1525 2328 1599 όλι-

183 1634 393 1718 γωρῶ·
456 1629 573 1697 ἐὰν
615 1631 701 1697 τὰ
753 1626 901 1698 κατ’
967 1626 1170 1719 ἀγρὸν
1228 1633 1625 1701 ἐπισκοπεῖν
1683 1633 2139 1722 προστάττῃς,
2199 1632 2324 1719 ἐγώ

187 1733 247 1798 δὲ
288 1727 481 1801 ὀκνῶ.
572 1734 795 1800 πάντα
850 1738 1061 1800 ταῦτα
1122 1737 1232 1801 καὶ
1289 1733 1374 1801 τὰ
1433 1734 1697 1813 τούτοις
1754 1727 1959 1819 ὅμοια
2018 1729 2327 1821 εὐλόγους

188 1835 304 1919 ἔχει
332 1837 455 1916 τὰς
488 1836 871 1924 προφάσεις
898 1839 1012 1904 καὶ
1040 1836 1163 1916 τὰς
1191 1842 1485 1923 μέμψεις
1521 1836 1886 1924 πατρικάς·
1931 1836 2016 1903 τὰ
2050 1837 2121 1904 δὲ
2154 1832 2325 1904 ἄλλα

188 1934 282 2024 ἐφ’
331 1935 490 2028 ἡμῖν
536 1962 680 2005 εστι
722 1952 866 2016 τοῖς
908 1946 1169 2020 παισίν,
1217 1933 1380 2006 ὄντα
1425 1942 1557 2006 τῶν
1600 1942 1843 2022 τεχνῶν
1879 1942 1991 2006 καὶ
2021 1942 2141 2025 τῆς
2169 1938 2327 2008 τού-

186 2065 300 2108 των
340 2040 658 2131 χρήσεως,
705 2045 817 2108 καὶ
861 2041 1177 2125 μάλιστα,
1225 2066 1285 2108 ει
1328 2041 1536 2129 μηδὲν
1581 2037 1616 2107 ό
1666 2041 1891 2131 πατὴρ
1939 2035 2137 2120 αὐτὸς
2175 2035 2324 2109 ἀδι-

188 2156 371 2210 κοῖτο.
464 2138 618 2210 επεί
659 2169 767 2210 τοι
812 2170 892 2209 αν
937 2147 1033 2230 τῶ
1074 2157 1325 2231 γραφεῖ
1366 2141 1594 2231 πατὴρ
1639 2142 2057 2230 προστάττῃ,
2112 2147 2324 2210 ταῦτα

186 2250 306 2327 μέν,
349 2251 596 2326 τέκνον,
640 2245 874 2335 γράφε,
921 2249 1111 2313 ταυτὶ
1162 2246 1233 2313 δὲ
1277 2245 1388 2368 μή,
1443 2249 1556 2314 καὶ
1598 2250 1695 2332 τῶ
1739 2249 2068 2332 μουσικῷ,
2126 2244 2322 2332 τήνδε

185 2347 287 2429 μὲν
336 2347 457 2435 τὴν
516 2350 844 2436 ἁρμονίαν
898 2352 1122 2438 κροῦε,
1191 2348 1439 2436 ταύτην
1497 2348 1569 2414 δὲ
1634 2348 1756 2437 μή,
1825 2351 1965 2467 καὶς
2000 2351 2097 2434 τῶ
2155 2350 2321 2430 χαλ-

185 2450 438 2534 κεύοντι,
485 2454 768 2518 τοιαῦτα
813 2451 933 2534 μὲν
972 2451 1265 2535 χάλκευε,
1310 2454 1594 2518 τοιαῦτα
1641 2451 1713 2517 δὲ
1755 2450 1879 2539 μή,
1927 2436 2038 2536 ἀρ’
2092 2445 2172 2516 ἀν
2214 2475 2320 2529 τις

59 2614 76 2629 .‚
107 2566 171 2619 1¹19
186 2544 520 2637 ἀνάσχοιτο
585 2547 1164 2641 ἀποκηρύττοντα,
1225 2547 1335 2620 ότι
1386 2552 1477 2642 μὴ
1535 2553 1704 2619 κατὰ
1762 2551 1846 2618 τὰ
1921 2545 2144 2638 ’κείνῳ
2206 2552 2319 2618 δο-

184 2657 402 2722 κοῦντα
449 2652 485 2722 ὃ
536 2669 703 2734 παῖς
740 2659 980 2745 χρῆται
1023 2659 1108 2743 τῇ
1150 2661 1378 2743 τέχνῃ,
1424 2649 1579 2721 οὐδὲ
1625 2655 1737 2733 εἷς,
1785 2651 1995 2738 οἶμαι.
2085 2659 2187 2722 23.
2233 2652 2310 2722 τὸ
2343 2672 2423 2728 23

185 2755 244 2822 δὲ
282 2762 395 2848 τῆς
443 2758 741 2845 ἰατρικῆς
786 2751 926 2845 όσῳ
973 2757 1371 2844 σεμνότερόν
1418 2781 1563 2825 εστι
1607 2760 1715 2824 καὶ
1760 2761 1858 2844 τῷ
1914 2762 2045 2844 βίῳ
2085 2781 2319 2846 χρησι-
2360 2815 2363 2819 .

179 2859 486 2945 μώτερον,
563 2861 859 2947 τοσούτῳ
932 2862 1044 2927 καὶ
1118 2854 1677 2947 ελευθεριώτερον
1753 2857 1927 2927 εἶναι
1995 2860 2320 2950 προσήκει

179 2976 304 3041 τοῖς
340 2967 742 3050 χρωμένοις,
787 2969 901 3029 καί
944 2988 1094 3031 τινα
1139 2969 1517 3050 προνομίαν
1564 2962 1734 3045 ἔχειν
1776 2960 1896 3048 τὴν
1939 2966 2167 3050 τέχνην
2215 2961 2318 3028 δί-

177 3087 346 3131 καιον
390 3068 472 3153 τῇ
533 3059 809 3153 ἐξουσίᾳ
866 3068 983 3151 τῆς
1036 3064 1362 3153 χρήσεως,
1427 3058 1923 3150 ἀναγκάζεσθαι
1982 3063 2053 3129 δὲ
2109 3062 2315 3151 μηδὲν

175 3167 325 3254 μηδὲ
368 3166 928 3251 προστάττεσθαι
983 3170 1264 3253 πρᾶγμα
1323 3165 1500 3252 ἱερὸν
1560 3169 1670 3233 καὶ
1725 3168 1908 3233 θεῶν
1968 3165 2313 3247 παίδευμα

176 3271 272 3335 καὶ
329 3263 719 3355 ἀνθρώπων
763 3260 1010 3356 οσοφῶν
1069 3267 1516 3357 ἐπιτήδευμα,
1583 3260 1740 3356 μηδ’
1814 3263 1946 3332 ὕπὸ
2010 3265 2316 3332 δουλείαν

176 3375 478 3450 γενέσθαι
523 3369 730 3454 νόμου
774 3363 930 3457 μηδ’
981 3365 1115 3437 ὕπὸ
1179 3369 1395 3458 φόβον
1450 3373 1561 3436 καὶ
1618 3374 1946 3454 τιμωρίαν
2004 3366 2314 3457 δικαστη-

179 3476 338 3555 ρίου,
403 3465 562 3560 μηδ’
632 3468 765 3538 ὕπὸ
824 3475 1060 3560 ψῆφον
1116 3475 1227 3538 καὶ
1287 3471 1547 3556 πατρὸς
1603 3464 1888 3556 ἀπειλὴν
1946 3471 2058 3536 καὶ
2117 3463 2314 3557 ὀργὴν

181 3567 525 3662 ἰδιωτικήν.
618 3565 790 3639 ὥστε
824 3575 935 3641 καὶ
967 3572 1027 3639 εἷ
1056 3573 1252 3640 τοῦτό
1290 3595 1400 3640 σοι
1434 3576 1670 3661 σαφῶς
1701 3567 1947 3638 οὖτωσὶ
1979 3572 2090 3636 καὶ
2123 3570 2312 3657 διαρ-

182 3671 366 3762 ρήδην
423 3673 675 3762 ἔλεγον,
754 3667 849 3741 Ού
907 3674 1240 3758 βούλομαι
1297 3669 1449 3741 οὐδὲ
1507 3672 1872 3761 θεραπεύω
1932 3672 2313 3757 δυνάμενος,

186 3770 318 3840 ἀλλ’
370 3772 638 3864 ἐμαυτῷ
682 3776 868 3863 μόνῳ
911 3775 1029 3866 τὴν
1075 3780 1302 3866 τέχνην
1337 3774 1491 3844 οἶδα
1521 3780 1628 3844 καὶ
1660 3781 1757 3863 τῷ
1789 3781 2021 3861 πατρί,
2067 3788 2210 3852 τοῖς
2243 3775 2315 3841 δὲ

190 3873 395 3957 ἄλλοις
437 3873 693 3946 ἅπασιν
740 3878 1012 3967 ἰδιώτης
1052 3875 1224 3945 εἶναι
1250 3879 1614 3964 βούλομαι·
1660 3886 1763 3958 τίς
1792 3878 2111 3967 τύραννος
2141 3870 2314 3944 οῧτω

191 3981 417 4063 βίαιος,
472 3978 566 4059 ῶς
610 3975 982 4067 ἀναγκάσαι
1029 3970 1109 4047 ἀν
1154 3984 1262 4048 καὶ
1311 3978 1554 4048 ἄκοντα
1594 3985 1892 4069 χρῆσθαι
1951 3980 2033 4065 τῇ
2088 3987 2276 4076 τέχνῃ
2293 4014 2316 4067 ,·
