<?xml version="1.0" encoding="UTF-8"?>
<!DOCTYPE html PUBLIC "-//W3C//DTD XHTML 1.0 Transitional//EN"
    "http://www.w3.org/TR/xhtml1/DTD/xhtml1-transitional.dtd">
<html xmlns="http://www.w3.org/1999/xhtml" xml:lang="en" lang="en">
 <head>
  <title>
</title>
<meta http-equiv="Content-Type" content="text/html;charset=utf-8" />
  <meta name='ocr-system' content='tesseract 3.04.00' />
  <meta name='ocr-capabilities' content='ocr_page ocr_carea ocr_par ocr_line ocrx_word'/>
</head>
<body>
  <div class='ocr_page' id='page_1' title='image "./lucianus00sommgoog/lucianus00sommgoog_0133.png"; bbox 0 0 2800 4500; ppageno 0'>
   <div class='ocr_carea' id='block_1_1' title="bbox 749 252 2348 315">
    <p class='ocr_par' dir='ltr' id='par_1_1' title="bbox 749 252 2348 315">
     <span class='ocr_line' id='line_1_1' title="bbox 749 252 2348 315; baseline 0.008 -12"><span class='ocrx_word' id='word_1_1' title='bbox 749 252 1181 305; x_wconf 75' lang='grc' dir='ltr'><strong>ΔΛΕΞΔΝΔΡΟΣ</strong></span> <span class='ocrx_word' id='word_1_2' title='bbox 1214 253 1262 305; x_wconf 75' lang='lat' dir='ltr'>B</span> <span class='ocrx_word' id='word_1_3' title='bbox 1297 253 1789 309; x_wconf 63' lang='lat' dir='ltr'><strong>vErAOMANTm.</strong></span> <span class='ocrx_word' id='word_1_4' title='bbox 2229 256 2348 315; x_wconf 83' lang='grc'><strong><em>117</em></strong></span> 
     </span>
    </p>
   </div>
   <div class='ocr_carea' id='block_1_2' title="bbox 113 410 2473 3880">
    <p class='ocr_par' dir='ltr' id='par_1_2' title="bbox 190 410 2464 1636">
     <span class='ocr_line' id='line_1_2' title="bbox 198 410 2353 509; baseline 0.005 -28"><span class='ocrx_word' id='word_1_5' title='bbox 198 412 346 481; x_wconf 85' lang='grc' dir='ltr'><strong><em>εἶτα</em></strong></span> <span class='ocrx_word' id='word_1_6' title='bbox 390 410 541 500; x_wconf 77' lang='grc' dir='ltr'><strong><em>μετ’</em></strong></span> <span class='ocrx_word' id='word_1_7' title='bbox 593 411 823 505; x_wconf 77' lang='grc' dir='ltr'><strong><em>ὀλίγας</em></strong></span> <span class='ocrx_word' id='word_1_8' title='bbox 864 416 1117 509; x_wconf 83' lang='grc' dir='ltr'><strong><em>ἡμέρας</em></strong></span> <span class='ocrx_word' id='word_1_9' title='bbox 1159 426 1279 489; x_wconf 88' lang='grc' dir='ltr'><strong><em>τοῦ</em></strong></span> <span class='ocrx_word' id='word_1_10' title='bbox 1322 422 1575 501; x_wconf 83' lang='grc' dir='ltr'><strong><em>παιδὸς</em></strong></span> <span class='ocrx_word' id='word_1_11' title='bbox 1629 418 2106 502; x_wconf 77' lang='grc' dir='ltr'><strong><em>ἀποθανόντος</em></strong></span> <span class='ocrx_word' id='word_1_12' title='bbox 2149 422 2184 492; x_wconf 83' lang='grc' dir='ltr'>ὅ</span> <span class='ocrx_word' id='word_1_13' title='bbox 2232 428 2353 509; x_wconf 80' lang='grc' dir='ltr'><strong><em>μὲν</em></strong></span> 
     </span>
     <span class='ocr_line' id='line_1_3' title="bbox 195 514 2352 614; baseline 0.005 -30"><span class='ocrx_word' id='word_1_14' title='bbox 195 514 444 606; x_wconf 79' lang='grc' dir='ltr'><strong><em>ἠπόρει</em></strong></span> <span class='ocrx_word' id='word_1_15' title='bbox 485 523 598 587; x_wconf 79' lang='grc' dir='ltr'><strong><em>καὶ</em></strong></span> <span class='ocrx_word' id='word_1_16' title='bbox 644 515 835 590; x_wconf 72' lang='grc' dir='ltr'><strong><em>οὐδὲν</em></strong></span> <span class='ocrx_word' id='word_1_17' title='bbox 865 519 998 605; x_wconf 89' lang='grc' dir='ltr'><strong><em>εἶχε</em></strong></span> <span class='ocrx_word' id='word_1_18' title='bbox 1030 525 1238 611; x_wconf 79' lang='grc' dir='ltr'><strong><em>λέγειν</em></strong></span> <span class='ocrx_word' id='word_1_19' title='bbox 1268 523 1444 613; x_wconf 85' lang='grc' dir='ltr'><strong><em>πρὸς</em></strong></span> <span class='ocrx_word' id='word_1_20' title='bbox 1470 524 1627 604; x_wconf 77' lang='grc' dir='ltr'><strong><em>τοὺς</em></strong></span> <span class='ocrx_word' id='word_1_21' title='bbox 1659 525 2114 610; x_wconf 81' lang='grc' dir='ltr'><strong><em>αἰτιωμένους,</em></strong></span> <span class='ocrx_word' id='word_1_22' title='bbox 2162 529 2352 614; x_wconf 82' lang='grc' dir='ltr'><strong><em>παρὰ</em></strong></span> 
     </span>
     <span class='ocr_line' id='line_1_4' title="bbox 196 615 2352 718; baseline 0.005 -32"><span class='ocrx_word' id='word_1_23' title='bbox 196 621 421 699; x_wconf 84' lang='grc' dir='ltr'><strong><em>πόδας</em></strong></span> <span class='ocrx_word' id='word_1_24' title='bbox 466 615 678 702; x_wconf 67' lang='grc' dir='ltr'><strong><em>οὕτως</em></strong></span> <span class='ocrx_word' id='word_1_25' title='bbox 733 623 1163 712; x_wconf 76' lang='grc' dir='ltr'><strong><em>ἐληλεγμένου</em></strong></span> <span class='ocrx_word' id='word_1_26' title='bbox 1218 631 1339 694; x_wconf 88' lang='grc' dir='ltr'><strong><em>τοῦ</em></strong></span> <span class='ocrx_word' id='word_1_27' title='bbox 1389 632 1724 718; x_wconf 81' lang='grc' dir='ltr'><strong><em>χρησμοῦ,</em></strong></span> <span class='ocrx_word' id='word_1_28' title='bbox 1782 625 1816 696; x_wconf 85' lang='grc' dir='ltr'>ὁ</span> <span class='ocrx_word' id='word_1_29' title='bbox 1879 629 1952 696; x_wconf 80' lang='grc' dir='ltr'><strong><em>δὲ</em></strong></span> <span class='ocrx_word' id='word_1_30' title='bbox 1990 626 2352 697; x_wconf 87' lang='grc' dir='ltr'><strong><em>Ῥουτιλια-</em></strong></span> 
     </span>
     <span class='ocr_line' id='line_1_5' title="bbox 197 718 2356 818; baseline 0.005 -29"><span class='ocrx_word' id='word_1_31' title='bbox 197 721 311 800; x_wconf 83' lang='grc' dir='ltr'><strong><em>νὸς</em></strong></span> <span class='ocrx_word' id='word_1_32' title='bbox 356 718 564 803; x_wconf 71' lang='grc' dir='ltr'><strong><em>αὐτὸς</em></strong></span> <span class='ocrx_word' id='word_1_33' title='bbox 607 726 892 814; x_wconf 86' lang='grc' dir='ltr'><strong><em>φθάσας</em></strong></span> <span class='ocrx_word' id='word_1_34' title='bbox 936 725 972 795; x_wconf 80' lang='lat' dir='ltr'><strong><em>o‘</em></strong></span> <span class='ocrx_word' id='word_1_35' title='bbox 1017 731 1369 813; x_wconf 82' lang='grc' dir='ltr'><strong><em>βέλτιστος</em></strong></span> <span class='ocrx_word' id='word_1_36' title='bbox 1412 725 1811 818; x_wconf 72' lang='grc' dir='ltr'><strong><em>ἀπελογεῖτο</em></strong></span> <span class='ocrx_word' id='word_1_37' title='bbox 1839 726 2012 818; x_wconf 75' lang='grc' dir='ltr'><strong><em>ὑπὲρ</em></strong></span> <span class='ocrx_word' id='word_1_38' title='bbox 2041 735 2160 799; x_wconf 89' lang='grc' dir='ltr'><strong><em>τοῦ</em></strong></span> <span class='ocrx_word' id='word_1_39' title='bbox 2186 759 2356 818; x_wconf 90' lang='grc' dir='ltr'><strong><em>μαν-</em></strong></span> 
     </span>
     <span class='ocr_line' id='line_1_6' title="bbox 190 826 2358 922; baseline 0.004 -32"><span class='ocrx_word' id='word_1_40' title='bbox 190 832 380 892; x_wconf 87' lang='grc' dir='ltr'><strong><em>τείου</em></strong></span> <span class='ocrx_word' id='word_1_41' title='bbox 430 829 669 913; x_wconf 86' lang='grc' dir='ltr'><strong><em>λέγων,</em></strong></span> <span class='ocrx_word' id='word_1_42' title='bbox 728 833 930 897; x_wconf 89' lang='grc' dir='ltr'><strong><em>τοῦτο</em></strong></span> <span class='ocrx_word' id='word_1_43' title='bbox 990 826 1151 899; x_wconf 80' lang='grc' dir='ltr'><strong><em>αύτὸ</em></strong></span> <span class='ocrx_word' id='word_1_44' title='bbox 1212 833 1795 922; x_wconf 80' lang='grc' dir='ltr'><strong><em>προδεδηλωκέναι</em></strong></span> <span class='ocrx_word' id='word_1_45' title='bbox 1849 831 1968 901; x_wconf 85' lang='grc' dir='ltr'><strong><em>τὸν</em></strong></span> <span class='ocrx_word' id='word_1_46' title='bbox 2021 832 2191 901; x_wconf 84' lang='grc' dir='ltr'><strong><em>θεὸν</em></strong></span> <span class='ocrx_word' id='word_1_47' title='bbox 2244 837 2358 900; x_wconf 83' lang='grc' dir='ltr'><strong><em>καὶ</em></strong></span> 
     </span>
     <span class='ocr_line' id='line_1_7' title="bbox 195 927 2359 1024; baseline 0.005 -31"><span class='ocrx_word' id='word_1_48' title='bbox 195 927 311 994; x_wconf 84' lang='grc' dir='ltr'><strong><em>διὰ</em></strong></span> <span class='ocrx_word' id='word_1_49' title='bbox 355 932 559 996; x_wconf 87' lang='grc' dir='ltr'><strong><em>τοῦτο</em></strong></span> <span class='ocrx_word' id='word_1_50' title='bbox 605 930 820 1011; x_wconf 85' lang='grc' dir='ltr'><strong><em>ζωντα</em></strong></span> <span class='ocrx_word' id='word_1_51' title='bbox 862 934 984 1017; x_wconf 75' lang='grc' dir='ltr'><strong><em>μὲν</em></strong></span> <span class='ocrx_word' id='word_1_52' title='bbox 1011 937 1320 1002; x_wconf 86' lang='grc' dir='ltr'><strong><em>κελεῦσαι</em></strong></span> <span class='ocrx_word' id='word_1_53' title='bbox 1347 936 1602 1024; x_wconf 83' lang='grc' dir='ltr'><strong><em>μηδένα</em></strong></span> <span class='ocrx_word' id='word_1_54' title='bbox 1642 935 2048 1003; x_wconf 84' lang='grc' dir='ltr'><strong><em>διδάσκαλον</em></strong></span> <span class='ocrx_word' id='word_1_55' title='bbox 2076 934 2359 1003; x_wconf 74' lang='grc' dir='ltr'><strong><em>ἑλέσθαι</em></strong></span> 
     </span>
     <span class='ocr_line' id='line_1_8' title="bbox 196 1023 2358 1126; baseline 0.004 -31"><span class='ocrx_word' id='word_1_56' title='bbox 196 1023 419 1115; x_wconf 73' lang='grc' dir='ltr'><strong><em>αὐτῷ,</em></strong></span> <span class='ocrx_word' id='word_1_57' title='bbox 463 1032 887 1121; x_wconf 74' lang='grc' dir='ltr'><strong><em>Πυθαγόραν</em></strong></span> <span class='ocrx_word' id='word_1_58' title='bbox 932 1036 1005 1102; x_wconf 80' lang='grc' dir='ltr'><strong><em>δὲ</em></strong></span> <span class='ocrx_word' id='word_1_59' title='bbox 1049 1039 1158 1104; x_wconf 81' lang='grc' dir='ltr'><strong><em>καὶ</em></strong></span> <span class='ocrx_word' id='word_1_60' title='bbox 1190 1030 1486 1126; x_wconf 56' lang='grc' dir='ltr'><strong><em>’Όμηρον</em></strong></span> <span class='ocrx_word' id='word_1_61' title='bbox 1529 1038 1748 1105; x_wconf 90' lang='grc' dir='ltr'><strong><em>πάλαι</em></strong></span> <span class='ocrx_word' id='word_1_62' title='bbox 1792 1042 2208 1119; x_wconf 89' lang='grc' dir='ltr'><strong><em>τεθνεωτας,</em></strong></span> <span class='ocrx_word' id='word_1_63' title='bbox 2256 1037 2358 1116; x_wconf 83' lang='grc' dir='ltr'><strong><em>οἷς</em></strong></span> 
     </span>
     <span class='ocr_line' id='line_1_9' title="bbox 194 1130 2358 1225; baseline 0.006 -29"><span class='ocrx_word' id='word_1_64' title='bbox 194 1130 377 1209; x_wconf 82' lang='grc' dir='ltr'><strong><em>εἰκὸς</em></strong></span> <span class='ocrx_word' id='word_1_65' title='bbox 421 1131 499 1200; x_wconf 84' lang='grc' dir='ltr'><strong><em>τὸ</em></strong></span> <span class='ocrx_word' id='word_1_66' title='bbox 547 1137 895 1221; x_wconf 85' lang='grc' dir='ltr'><strong><em>μειράκιον</em></strong></span> <span class='ocrx_word' id='word_1_67' title='bbox 936 1138 1003 1205; x_wconf 89' lang='grc' dir='ltr'><strong><em>ἐν</em></strong></span> <span class='ocrx_word' id='word_1_68' title='bbox 1023 1138 1261 1206; x_wconf 78' lang='grc' dir='ltr'><strong><em>Ἅιδου</em></strong></span> <span class='ocrx_word' id='word_1_69' title='bbox 1293 1143 1410 1207; x_wconf 87' lang='grc' dir='ltr'><strong><em>νῦν</em></strong></span> <span class='ocrx_word' id='word_1_70' title='bbox 1442 1154 1753 1209; x_wconf 89' lang='grc' dir='ltr'><strong><em>συνεῖναι.</em></strong></span> <span class='ocrx_word' id='word_1_71' title='bbox 1811 1146 1911 1224; x_wconf 51' lang='grc' dir='ltr'><strong><em>,τί</em></strong></span> <span class='ocrx_word' id='word_1_72' title='bbox 1937 1147 2161 1208; x_wconf 83' lang='grc' dir='ltr'><strong><em>τοίνυν</em></strong></span> <span class='ocrx_word' id='word_1_73' title='bbox 2190 1146 2358 1225; x_wconf 86' lang='grc' dir='ltr'><strong><em>μέμ-</em></strong></span> 
     </span>
     <span class='ocr_line' id='line_1_10' title="bbox 195 1231 2359 1361; baseline 0.005 -63"><span class='ocrx_word' id='word_1_74' title='bbox 195 1239 469 1320; x_wconf 87' lang='grc' dir='ltr'><strong><em>φεσθαι</em></strong></span> <span class='ocrx_word' id='word_1_75' title='bbox 540 1231 728 1314; x_wconf 82' lang='grc' dir='ltr'><strong><em>αξιον</em></strong></span> <span class='ocrx_word' id='word_1_76' title='bbox 787 1234 1240 1361; x_wconf 80' lang='grc' dir='ltr'><strong><em>Ἀλεξάνδρῳ,</em></strong></span> <span class='ocrx_word' id='word_1_77' title='bbox 1316 1241 1376 1308; x_wconf 81' lang='grc' dir='ltr'><strong><em>εἰ</em></strong></span> <span class='ocrx_word' id='word_1_78' title='bbox 1439 1242 1776 1321; x_wconf 86' lang='grc' dir='ltr'><strong><em>τοιούτοις</em></strong></span> <span class='ocrx_word' id='word_1_79' title='bbox 1849 1237 2359 1326; x_wconf 76' lang='grc' dir='ltr'><strong><em>ἀνθρωπίσκοις</em></strong></span> 
     </span>
     <span class='ocr_line' id='line_1_11' title="bbox 197 1329 2464 1432; baseline 0.002 -31"><span class='ocrx_word' id='word_1_80' title='bbox 197 1335 644 1423; x_wconf 76' lang='grc' dir='ltr'><strong><em>ἐνδιατρίβειν</em></strong></span> <span class='ocrx_word' id='word_1_81' title='bbox 686 1334 915 1427; x_wconf 83' lang='grc' dir='ltr'><strong><em>ἠξίου,·</em></strong></span> <span class='ocrx_word' id='word_1_82' title='bbox 969 1348 1070 1409; x_wconf 88' lang='grc'><strong><em>34.</em></strong></span> <span class='ocrx_word' id='word_1_83' title='bbox 1118 1329 1324 1422; x_wconf 83' lang='grc' dir='ltr'><strong><em>αῦθις</em></strong></span> <span class='ocrx_word' id='word_1_84' title='bbox 1369 1345 1445 1411; x_wconf 81' lang='grc' dir='ltr'><strong><em>δὲ</em></strong></span> <span class='ocrx_word' id='word_1_85' title='bbox 1488 1351 1979 1432; x_wconf 76' lang='grc' dir='ltr'><strong><em>πυνθανομένῳ</em></strong></span> <span class='ocrx_word' id='word_1_86' title='bbox 2025 1338 2207 1431; x_wconf 73' lang='grc' dir='ltr'><strong><em>αὐτῷ</em></strong></span> <span class='ocrx_word' id='word_1_87' title='bbox 2235 1344 2356 1431; x_wconf 88' lang='grc' dir='ltr'><strong><em>τὴν</em></strong></span> <span class='ocrx_word' id='word_1_88' title='bbox 2386 1351 2464 1407; x_wconf 75' lang='lat'><strong><em>34</em></strong></span> 
     </span>
     <span class='ocr_line' id='line_1_12' title="bbox 197 1437 1522 1570; baseline 0.009 -67"><span class='ocrx_word' id='word_1_89' title='bbox 197 1444 389 1517; x_wconf 86' lang='grc' dir='ltr'><strong><em>τίνος</em></strong></span> <span class='ocrx_word' id='word_1_90' title='bbox 433 1439 654 1531; x_wconf 83' lang='grc' dir='ltr'><strong><em>ψυχὴν</em></strong></span> <span class='ocrx_word' id='word_1_91' title='bbox 697 1437 900 1523; x_wconf 74' lang='grc' dir='ltr'><strong><em>αὐτὸς</em></strong></span> <span class='ocrx_word' id='word_1_92' title='bbox 944 1445 1308 1528; x_wconf 84' lang='grc' dir='ltr'><strong><em>διεδέξατο,</em></strong></span> <span class='ocrx_word' id='word_1_93' title='bbox 1355 1446 1522 1570; x_wconf 72' lang='grc' dir='ltr'><strong><em>ἔφη·</em></strong></span> 
     </span>
     <span class='ocr_line' id='line_1_13' title="bbox 283 1546 2188 1636; baseline 0.005 -29"><span class='ocrx_word' id='word_1_94' title='bbox 283 1546 580 1627; x_wconf 79' lang='grc' dir='ltr'><strong><em>Πρῶτον</em></strong></span> <span class='ocrx_word' id='word_1_95' title='bbox 624 1547 963 1636; x_wconf 88' lang='grc' dir='ltr'><strong><em>Πηλείδης</em></strong></span> <span class='ocrx_word' id='word_1_96' title='bbox 1006 1547 1251 1635; x_wconf 89' lang='grc' dir='ltr'><strong><em>ἐγένου,</em></strong></span> <span class='ocrx_word' id='word_1_97' title='bbox 1297 1549 1470 1634; x_wconf 80' lang='grc' dir='ltr'><strong><em>μετὰ</em></strong></span> <span class='ocrx_word' id='word_1_98' title='bbox 1514 1554 1727 1617; x_wconf 85' lang='grc' dir='ltr'><strong><em>ταῦτα</em></strong></span> <span class='ocrx_word' id='word_1_99' title='bbox 1770 1551 2188 1633; x_wconf 87' lang='grc' dir='ltr'><strong><em>Μένανδρος,</em></strong></span> 
     </span>
    </p>

    <p class='ocr_par' dir='ltr' id='par_1_3' title="bbox 113 1639 2098 1741">
     <span class='ocr_line' id='line_1_14' title="bbox 113 1639 2098 1741; baseline 0.008 -37"><span class='ocrx_word' id='word_1_100' title='bbox 113 1651 191 1703; x_wconf 82' lang='grc'><strong><em>242</em></strong></span> <span class='ocrx_word' id='word_1_101' title='bbox 296 1639 446 1709; x_wconf 77' lang='grc' dir='ltr'><strong><em>εἶθ’</em></strong></span> <span class='ocrx_word' id='word_1_102' title='bbox 495 1643 573 1723; x_wconf 78' lang='grc' dir='ltr'><strong><em>ὃς</em></strong></span> <span class='ocrx_word' id='word_1_103' title='bbox 613 1650 727 1714; x_wconf 89' lang='grc' dir='ltr'><strong><em>νῦν</em></strong></span> <span class='ocrx_word' id='word_1_104' title='bbox 773 1656 1001 1737; x_wconf 84' lang='grc' dir='ltr'><strong><em>φαίνῃ,</em></strong></span> <span class='ocrx_word' id='word_1_105' title='bbox 1045 1650 1216 1734; x_wconf 80' lang='grc' dir='ltr'><strong><em>μετὰ</em></strong></span> <span class='ocrx_word' id='word_1_106' title='bbox 1260 1645 1327 1717; x_wconf 74' lang='grc' dir='ltr'><strong><em>δ’</em></strong></span> <span class='ocrx_word' id='word_1_107' title='bbox 1380 1651 1610 1720; x_wconf 76' lang='grc' dir='ltr'><strong><em>ἔσσεαι</em></strong></span> <span class='ocrx_word' id='word_1_108' title='bbox 1652 1648 1847 1741; x_wconf 83' lang='grc' dir='ltr'><strong><em>ἡλιὰς</em></strong></span> <span class='ocrx_word' id='word_1_109' title='bbox 1891 1646 2098 1732; x_wconf 84' lang='grc' dir='ltr'><strong><em>άκτίς,</em></strong></span> 
     </span>
    </p>

    <p class='ocr_par' dir='ltr' id='par_1_4' title="bbox 202 1742 2467 2246">
     <span class='ocr_line' id='line_1_15' title="bbox 291 1742 2146 1839; baseline 0.004 -27"><span class='ocrx_word' id='word_1_110' title='bbox 291 1745 515 1832; x_wconf 83' lang='grc' dir='ltr'><strong><em>ζήσεις</em></strong></span> <span class='ocrx_word' id='word_1_111' title='bbox 560 1742 624 1815; x_wconf 73' lang='grc' dir='ltr'><strong><em>δ’</em></strong></span> <span class='ocrx_word' id='word_1_112' title='bbox 675 1742 1032 1836; x_wconf 76' lang='grc' dir='ltr'><strong><em>ὀγδώκοντ’</em></strong></span> <span class='ocrx_word' id='word_1_113' title='bbox 1084 1752 1199 1819; x_wconf 77' lang='grc' dir='ltr'><strong><em>ἐπὶ</em></strong></span> <span class='ocrx_word' id='word_1_114' title='bbox 1244 1766 1390 1831; x_wconf 85' lang='grc' dir='ltr'><strong><em>τοῖς</em></strong></span> <span class='ocrx_word' id='word_1_115' title='bbox 1432 1752 1669 1821; x_wconf 75' lang='grc' dir='ltr'><strong><em>ἑκατὸν</em></strong></span> <span class='ocrx_word' id='word_1_116' title='bbox 1714 1754 2146 1839; x_wconf 76' lang='grc' dir='ltr'><strong><em>λυκάβαντας.</em></strong></span> 
     </span>
     <span class='ocr_line' id='line_1_16' title="bbox 202 1845 2362 1982; baseline 0.004 -69"><span class='ocrx_word' id='word_1_117' title='bbox 202 1845 236 1914; x_wconf 80' lang='grc' dir='ltr'><em>ὃ</em></span> <span class='ocrx_word' id='word_1_118' title='bbox 316 1849 391 1913; x_wconf 80' lang='grc' dir='ltr'><strong><em>δὲ</em></strong></span> <span class='ocrx_word' id='word_1_119' title='bbox 450 1848 1052 1944; x_wconf 75' lang='grc' dir='ltr'><strong><em>ἑβδομηκοντούτης</em></strong></span> <span class='ocrx_word' id='word_1_120' title='bbox 1109 1850 1423 1922; x_wconf 76' lang='grc' dir='ltr'><strong><em>ἀπέθανε</em></strong></span> <span class='ocrx_word' id='word_1_121' title='bbox 1478 1856 1977 1982; x_wconf 84' lang='grc' dir='ltr'><strong><em>μελαγχολήσας</em></strong></span> <span class='ocrx_word' id='word_1_122' title='bbox 2035 1850 2111 1922; x_wconf 85' lang='grc' dir='ltr'><strong><em>ού</em></strong></span> <span class='ocrx_word' id='word_1_123' title='bbox 2166 1880 2362 1940; x_wconf 88' lang='grc' dir='ltr'><strong><em>περι-</em></strong></span> 
     </span>
     <span class='ocr_line' id='line_1_17' title="bbox 202 1951 2467 2046; baseline 0.003 -29"><span class='ocrx_word' id='word_1_124' title='bbox 202 1957 446 2034; x_wconf 88' lang='grc' dir='ltr'><strong><em>μείνας</em></strong></span> <span class='ocrx_word' id='word_1_125' title='bbox 481 1951 604 2039; x_wconf 86' lang='grc' dir='ltr'><strong><em>τὴν</em></strong></span> <span class='ocrx_word' id='word_1_126' title='bbox 645 1958 766 2021; x_wconf 90' lang='grc' dir='ltr'><strong><em>τοῦ</em></strong></span> <span class='ocrx_word' id='word_1_127' title='bbox 806 1961 977 2023; x_wconf 85' lang='grc' dir='ltr'><strong><em>θεοῦ</em></strong></span> <span class='ocrx_word' id='word_1_128' title='bbox 1005 1953 1393 2040; x_wconf 82' lang='grc' dir='ltr'><strong><em>ῦπόσχεσιν.</em></strong></span> <span class='ocrx_word' id='word_1_129' title='bbox 1483 1963 1585 2024; x_wconf 84' lang='lat'><strong><em>35.</em></strong></span> <span class='ocrx_word' id='word_1_130' title='bbox 1629 1962 1742 2026; x_wconf 82' lang='grc' dir='ltr'><strong><em>καὶ</em></strong></span> <span class='ocrx_word' id='word_1_131' title='bbox 1773 1952 1968 2036; x_wconf 81' lang='grc' dir='ltr'><strong><em>ουτος</em></strong></span> <span class='ocrx_word' id='word_1_132' title='bbox 1999 1954 2034 2024; x_wconf 82' lang='grc' dir='ltr'><em>ὃ</em></span> <span class='ocrx_word' id='word_1_133' title='bbox 2062 1957 2359 2046; x_wconf 84' lang='grc' dir='ltr'><strong><em>χρησμὸς</em></strong></span> <span class='ocrx_word' id='word_1_134' title='bbox 2391 1964 2467 2020; x_wconf 75' lang='lat'><strong><em>35</em></strong></span> 
     </span>
     <span class='ocr_line' id='line_1_18' title="bbox 205 2048 2363 2147; baseline 0.003 -28"><span class='ocrx_word' id='word_1_135' title='bbox 205 2057 343 2119; x_wconf 79' lang='grc' dir='ltr'><strong><em>τῶν</em></strong></span> <span class='ocrx_word' id='word_1_136' title='bbox 387 2048 799 2143; x_wconf 73' lang='grc' dir='ltr'><strong><em>αὐτοφώνων</em></strong></span> <span class='ocrx_word' id='word_1_137' title='bbox 839 2084 942 2144; x_wconf 87' lang='grc' dir='ltr'><strong><em>ην.</em></strong></span> <span class='ocrx_word' id='word_1_138' title='bbox 1032 2058 1323 2147; x_wconf 76' lang='grc' dir='ltr'><strong><em>ἐρομένῳ</em></strong></span> <span class='ocrx_word' id='word_1_139' title='bbox 1368 2059 1442 2127; x_wconf 79' lang='grc' dir='ltr'><strong><em>δὲ</em></strong></span> <span class='ocrx_word' id='word_1_140' title='bbox 1486 2054 1668 2146; x_wconf 77' lang='grc' dir='ltr'><strong><em>αύτῷ</em></strong></span> <span class='ocrx_word' id='word_1_141' title='bbox 1711 2085 1883 2127; x_wconf 92' lang='grc' dir='ltr'><strong><em>ποτε</em></strong></span> <span class='ocrx_word' id='word_1_142' title='bbox 1909 2061 2022 2127; x_wconf 83' lang='grc' dir='ltr'><strong><em>καὶ</em></strong></span> <span class='ocrx_word' id='word_1_143' title='bbox 2056 2063 2215 2147; x_wconf 88' lang='grc' dir='ltr'><strong><em>περὶ</em></strong></span> <span class='ocrx_word' id='word_1_144' title='bbox 2243 2059 2363 2145; x_wconf 89' lang='grc' dir='ltr'><strong><em>γά-</em></strong></span> 
     </span>
     <span class='ocr_line' id='line_1_19' title="bbox 206 2157 808 2246; baseline 0.004 -2"><span class='ocrx_word' id='word_1_145' title='bbox 206 2181 342 2237; x_wconf 72' lang='grc' dir='ltr'><strong><em>μον</em></strong></span> <span class='ocrx_word' id='word_1_146' title='bbox 384 2157 666 2244; x_wconf 49' lang='lat' dir='ltr'><strong><em>&amp;quas</em></strong></span> <span class='ocrx_word' id='word_1_147' title='bbox 646 2158 808 2246; x_wconf 77' lang='grc' dir='ltr'><strong><em>ἐφη·</em></strong></span> 
     </span>
    </p>

    <p class='ocr_par' dir='ltr' id='par_1_5' title="bbox 211 2255 2369 3264">
     <span class='ocr_line' id='line_1_20' title="bbox 428 2255 2149 2385; baseline 0.002 -61"><span class='ocrx_word' id='word_1_148' title='bbox 428 2262 527 2324; x_wconf 93' lang='grc' dir='ltr'><em>Γ</em></span> <span class='ocrx_word' id='word_1_149' title='bbox 483 2285 656 2347; x_wconf 89' lang='grc' dir='ltr'><strong><em>ημον</em></strong></span> <span class='ocrx_word' id='word_1_150' title='bbox 688 2255 1133 2347; x_wconf 74' lang='grc' dir='ltr'><strong><em>Ἀλεξάνδρου</em></strong></span> <span class='ocrx_word' id='word_1_151' title='bbox 1175 2288 1251 2329; x_wconf 92' lang='grc' dir='ltr'><strong><em>τε</em></strong></span> <span class='ocrx_word' id='word_1_152' title='bbox 1292 2266 1656 2352; x_wconf 77' lang='grc' dir='ltr'><strong><em>Σεληναίης</em></strong></span> <span class='ocrx_word' id='word_1_153' title='bbox 1705 2288 1780 2329; x_wconf 88' lang='grc' dir='ltr'><strong><em>τε</em></strong></span> <span class='ocrx_word' id='word_1_154' title='bbox 1822 2264 2149 2385; x_wconf 84' lang='grc' dir='ltr'><strong><em>θύγατρα.</em></strong></span> 
     </span>
     <span class='ocr_line' id='line_1_21' title="bbox 211 2360 2363 2453; baseline 0.002 -28"><span class='ocrx_word' id='word_1_155' title='bbox 211 2361 595 2429; x_wconf 79' lang='grc' dir='ltr'><strong><em>διεδεδώκει</em></strong></span> <span class='ocrx_word' id='word_1_156' title='bbox 640 2363 712 2429; x_wconf 78' lang='grc' dir='ltr'><strong><em>δὲ</em></strong></span> <span class='ocrx_word' id='word_1_157' title='bbox 757 2363 976 2430; x_wconf 86' lang='grc' dir='ltr'><strong><em>πάλαι</em></strong></span> <span class='ocrx_word' id='word_1_158' title='bbox 1034 2365 1228 2451; x_wconf 80' lang='grc' dir='ltr'><strong><em>λόγον</em></strong></span> <span class='ocrx_word' id='word_1_159' title='bbox 1283 2362 1377 2444; x_wconf 76' lang='grc' dir='ltr'><strong><em>ὥς</em></strong></span> <span class='ocrx_word' id='word_1_160' title='bbox 1433 2369 1553 2453; x_wconf 85' lang='grc' dir='ltr'><strong><em>τῆς</em></strong></span> <span class='ocrx_word' id='word_1_161' title='bbox 1605 2364 1978 2452; x_wconf 84' lang='grc' dir='ltr'><strong><em>θυγατρός,</em></strong></span> <span class='ocrx_word' id='word_1_162' title='bbox 2036 2363 2116 2451; x_wconf 83' lang='grc' dir='ltr'><strong><em>ἣν</em></strong></span> <span class='ocrx_word' id='word_1_163' title='bbox 2175 2360 2363 2445; x_wconf 83' lang='grc' dir='ltr'><strong><em>εἶχεν,</em></strong></span> 
     </span>
     <span class='ocr_line' id='line_1_22' title="bbox 214 2459 2367 2556; baseline 0.001 -27"><span class='ocrx_word' id='word_1_164' title='bbox 214 2463 283 2529; x_wconf 84' lang='grc' dir='ltr'><strong><em>ἐκ</em></strong></span> <span class='ocrx_word' id='word_1_165' title='bbox 349 2464 637 2552; x_wconf 79' lang='grc' dir='ltr'><strong><em>Σελήνης</em></strong></span> <span class='ocrx_word' id='word_1_166' title='bbox 705 2459 887 2551; x_wconf 76' lang='grc' dir='ltr'><strong><em>αύτῷ</em></strong></span> <span class='ocrx_word' id='word_1_167' title='bbox 956 2472 1340 2554; x_wconf 85' lang='grc' dir='ltr'><strong><em>γενομένης·</em></strong></span> <span class='ocrx_word' id='word_1_168' title='bbox 1414 2466 1536 2556; x_wconf 86' lang='grc' dir='ltr'><strong><em>τὴν</em></strong></span> <span class='ocrx_word' id='word_1_169' title='bbox 1606 2492 1735 2553; x_wconf 90' lang='grc' dir='ltr'><strong><em>γαρ</em></strong></span> <span class='ocrx_word' id='word_1_170' title='bbox 1802 2465 2093 2554; x_wconf 85' lang='grc' dir='ltr'><strong><em>Σελήνην</em></strong></span> <span class='ocrx_word' id='word_1_171' title='bbox 2166 2464 2367 2551; x_wconf 86' lang='grc' dir='ltr'><strong><em>ε’ρωτι</em></strong></span> 
     </span>
     <span class='ocr_line' id='line_1_23' title="bbox 214 2529 2364 2654; baseline 0 -23"><span class='ocrx_word' id='word_1_172' title='bbox 214 2563 472 2633; x_wconf 76' lang='grc' dir='ltr'><strong><em>ἁλῶναι</em></strong></span> <span class='ocrx_word' id='word_1_173' title='bbox 539 2561 745 2634; x_wconf 87' lang='grc' dir='ltr'><strong><em>αύτοῦ</em></strong></span> <span class='ocrx_word' id='word_1_174' title='bbox 806 2529 1260 2646; x_wconf 64' lang='grc' dir='ltr'><strong><em>καθεύδοντός</em></strong></span> <span class='ocrx_word' id='word_1_175' title='bbox 1324 2593 1496 2634; x_wconf 84' lang='grc' dir='ltr'><strong><em>ποτε</em></strong></span> <span class='ocrx_word' id='word_1_176' title='bbox 1569 2568 1874 2648; x_wconf 80' lang='grc' dir='ltr'><strong><em>ἰδοῦσαν,</em></strong></span> <span class='ocrx_word' id='word_1_177' title='bbox 1948 2561 2118 2654; x_wconf 90' lang='grc' dir='ltr'><strong><em>όπερ</em></strong></span> <span class='ocrx_word' id='word_1_178' title='bbox 2195 2560 2364 2654; x_wconf 74' lang='grc' dir='ltr'><strong><em>αὐτῇ</em></strong></span> 
     </span>
     <span class='ocr_line' id='line_1_24' title="bbox 214 2664 2367 2757; baseline 0.001 -23"><span class='ocrx_word' id='word_1_179' title='bbox 214 2669 400 2749; x_wconf 87' lang='grc' dir='ltr'><strong><em>ε’θος,</em></strong></span> <span class='ocrx_word' id='word_1_180' title='bbox 445 2675 875 2753; x_wconf 82' lang='grc' dir='ltr'><strong><em>κοιμωμένων</em></strong></span> <span class='ocrx_word' id='word_1_181' title='bbox 920 2669 1079 2755; x_wconf 82' lang='grc' dir='ltr'><strong><em>ἐρᾶν</em></strong></span> <span class='ocrx_word' id='word_1_182' title='bbox 1120 2674 1254 2736; x_wconf 81' lang='grc' dir='ltr'><strong><em>τῶν</em></strong></span> <span class='ocrx_word' id='word_1_183' title='bbox 1295 2671 1538 2737; x_wconf 81' lang='grc' dir='ltr'><strong><em>καλῶν.</em></strong></span> <span class='ocrx_word' id='word_1_184' title='bbox 1624 2666 1660 2736; x_wconf 81' lang='grc' dir='ltr'>ὅ</span> <span class='ocrx_word' id='word_1_185' title='bbox 1711 2664 1776 2737; x_wconf 73' lang='grc' dir='ltr'><strong><em>δ’</em></strong></span> <span class='ocrx_word' id='word_1_186' title='bbox 1817 2664 2004 2736; x_wconf 74' lang='grc' dir='ltr'><strong><em>οὐδὲν</em></strong></span> <span class='ocrx_word' id='word_1_187' title='bbox 2035 2668 2367 2757; x_wconf 89' lang='grc' dir='ltr'><strong><em>μελλήσας</em></strong></span> 
     </span>
     <span class='ocr_line' id='line_1_25' title="bbox 215 2766 2367 2860; baseline -0 -23"><span class='ocrx_word' id='word_1_188' title='bbox 215 2767 249 2837; x_wconf 83' lang='lat'>6</span> <span class='ocrx_word' id='word_1_189' title='bbox 299 2770 755 2849; x_wconf 84' lang='grc' dir='ltr'><strong><em>συνετώτατος</em></strong></span> <span class='ocrx_word' id='word_1_190' title='bbox 790 2767 1229 2850; x_wconf 83' lang='grc' dir='ltr'><strong><em>Ῥουτιλιανὸς</em></strong></span> <span class='ocrx_word' id='word_1_191' title='bbox 1283 2771 1587 2855; x_wconf 86' lang='grc' dir='ltr'><strong><em>ε’πεμπεν</em></strong></span> <span class='ocrx_word' id='word_1_192' title='bbox 1644 2766 1850 2851; x_wconf 75' lang='grc' dir='ltr'><strong><em>εὐθὺς</em></strong></span> <span class='ocrx_word' id='word_1_193' title='bbox 1906 2771 2023 2839; x_wconf 85' lang='grc' dir='ltr'><strong><em>ἐπὶ</em></strong></span> <span class='ocrx_word' id='word_1_194' title='bbox 2080 2771 2200 2860; x_wconf 86' lang='grc' dir='ltr'><strong><em>τὴν</em></strong></span> <span class='ocrx_word' id='word_1_195' title='bbox 2253 2770 2367 2837; x_wconf 90' lang='grc' dir='ltr'><strong><em>κό-</em></strong></span> 
     </span>
     <span class='ocr_line' id='line_1_26' title="bbox 217 2871 2367 2962; baseline 0 -22"><span class='ocrx_word' id='word_1_196' title='bbox 217 2900 336 2961; x_wconf 92' lang='grc' dir='ltr'><strong><em>ρην</em></strong></span> <span class='ocrx_word' id='word_1_197' title='bbox 378 2877 489 2940; x_wconf 78' lang='grc' dir='ltr'><strong><em>καὶ</em></strong></span> <span class='ocrx_word' id='word_1_198' title='bbox 533 2871 692 2951; x_wconf 75' lang='grc' dir='ltr'><strong><em>τοὺς</em></strong></span> <span class='ocrx_word' id='word_1_199' title='bbox 734 2873 984 2959; x_wconf 83' lang='grc' dir='ltr'><strong><em>γάμους</em></strong></span> <span class='ocrx_word' id='word_1_200' title='bbox 1029 2873 1358 2952; x_wconf 83' lang='grc' dir='ltr'><strong><em>ξυνετέλει</em></strong></span> <span class='ocrx_word' id='word_1_201' title='bbox 1402 2873 1869 2962; x_wconf 79' lang='grc' dir='ltr'><strong><em>ἑξηκοντούτης</em></strong></span> <span class='ocrx_word' id='word_1_202' title='bbox 1923 2880 2212 2962; x_wconf 87' lang='grc' dir='ltr'><strong><em>νυμφίος</em></strong></span> <span class='ocrx_word' id='word_1_203' title='bbox 2255 2877 2367 2941; x_wconf 80' lang='grc' dir='ltr'><strong><em>καὶ</em></strong></span> 
     </span>
     <span class='ocr_line' id='line_1_27' title="bbox 218 2969 2369 3065; baseline 0 -24"><span class='ocrx_word' id='word_1_204' title='bbox 218 2980 449 3064; x_wconf 84' lang='grc' dir='ltr'><strong><em>συνῆν,</em></strong></span> <span class='ocrx_word' id='word_1_205' title='bbox 506 2975 627 3065; x_wconf 82' lang='grc' dir='ltr'><strong><em>τὴν</em></strong></span> <span class='ocrx_word' id='word_1_206' title='bbox 686 2975 1030 3062; x_wconf 83' lang='grc' dir='ltr'><strong><em>πενθερὰν</em></strong></span> <span class='ocrx_word' id='word_1_207' title='bbox 1073 2976 1363 3065; x_wconf 89' lang='grc' dir='ltr'><strong><em>Σελήνην</em></strong></span> <span class='ocrx_word' id='word_1_208' title='bbox 1419 2975 1820 3062; x_wconf 75' lang='grc' dir='ltr'><strong><em>ἑκατόμβαις</em></strong></span> <span class='ocrx_word' id='word_1_209' title='bbox 1862 2969 2054 3055; x_wconf 90' lang='grc' dir='ltr'><strong><em>όλαις</em></strong></span> <span class='ocrx_word' id='word_1_210' title='bbox 2100 2977 2369 3043; x_wconf 80' lang='grc' dir='ltr'><strong><em>ἱλασκό-</em></strong></span> 
     </span>
     <span class='ocr_line' id='line_1_28' title="bbox 217 3076 2368 3163; baseline -0.001 -19"><span class='ocrx_word' id='word_1_211' title='bbox 217 3101 415 3160; x_wconf 85' lang='grc' dir='ltr'><strong><em>μενος</em></strong></span> <span class='ocrx_word' id='word_1_212' title='bbox 466 3080 582 3144; x_wconf 80' lang='grc' dir='ltr'><strong><em>καὶ</em></strong></span> <span class='ocrx_word' id='word_1_213' title='bbox 635 3080 772 3143; x_wconf 81' lang='grc' dir='ltr'><strong><em>τῶν</em></strong></span> <span class='ocrx_word' id='word_1_214' title='bbox 828 3076 1248 3162; x_wconf 77' lang='grc' dir='ltr'><strong><em>ἐπουρανίων</em></strong></span> <span class='ocrx_word' id='word_1_215' title='bbox 1307 3076 1405 3155; x_wconf 77' lang='grc' dir='ltr'><strong><em>εἷς</em></strong></span> <span class='ocrx_word' id='word_1_216' title='bbox 1457 3082 1571 3144; x_wconf 92' lang='grc' dir='ltr'><strong><em>καὶ</em></strong></span> <span class='ocrx_word' id='word_1_217' title='bbox 1628 3076 1829 3155; x_wconf 79' lang='grc' dir='ltr'><strong><em>αὐτὸς</em></strong></span> <span class='ocrx_word' id='word_1_218' title='bbox 1894 3077 2202 3161; x_wconf 82' lang='grc' dir='ltr'><strong><em>οἰόμενος</em></strong></span> <span class='ocrx_word' id='word_1_219' title='bbox 2258 3102 2368 3163; x_wconf 91' lang='grc' dir='ltr'><strong><em>γε-</em></strong></span> 
     </span>
     <span class='ocr_line' id='line_1_29' title="bbox 217 3185 506 3264; baseline -0.003 -17"><span class='ocrx_word' id='word_1_220' title='bbox 217 3185 506 3264; x_wconf 86' lang='grc' dir='ltr'><strong><em>γονέναι.</em></strong></span> 
     </span>
    </p>

    <p class='ocr_par' dir='ltr' id='par_1_6' title="bbox 131 3275 2473 3880">
     <span class='ocr_line' id='line_1_30' title="bbox 131 3275 2473 3369; baseline -0 -22"><span class='ocrx_word' id='word_1_221' title='bbox 131 3295 206 3347; x_wconf 72' lang='lat'><strong><em>243</em></strong></span> <span class='ocrx_word' id='word_1_222' title='bbox 373 3288 476 3350; x_wconf 87' lang='grc'><strong><em>36.</em></strong></span> <span class='ocrx_word' id='word_1_223' title='bbox 546 3276 639 3360; x_wconf 81' lang='grc' dir='ltr'><strong><em>ὥς</em></strong></span> <span class='ocrx_word' id='word_1_224' title='bbox 705 3281 779 3346; x_wconf 79' lang='grc' dir='ltr'><strong><em>δὲ</em></strong></span> <span class='ocrx_word' id='word_1_225' title='bbox 843 3278 1034 3359; x_wconf 73' lang='grc' dir='ltr'><strong><em>ἅπαξ</em></strong></span> <span class='ocrx_word' id='word_1_226' title='bbox 1093 3284 1224 3346; x_wconf 83' lang='grc' dir='ltr'><strong><em>τῶν</em></strong></span> <span class='ocrx_word' id='word_1_227' title='bbox 1291 3281 1360 3347; x_wconf 92' lang='grc' dir='ltr'><strong><em>ἐν</em></strong></span> <span class='ocrx_word' id='word_1_228' title='bbox 1419 3275 1669 3369; x_wconf 77' lang='grc' dir='ltr'><strong><em>Ἰταλίᾳ</em></strong></span> <span class='ocrx_word' id='word_1_229' title='bbox 1734 3280 2143 3367; x_wconf 85' lang='grc' dir='ltr'><strong><em>πραγμάτων</em></strong></span> <span class='ocrx_word' id='word_1_230' title='bbox 2209 3280 2362 3346; x_wconf 89' lang='grc' dir='ltr'><strong><em>ἐλά-</em></strong></span> <span class='ocrx_word' id='word_1_231' title='bbox 2395 3296 2473 3352; x_wconf 76' lang='lat'><strong><em>36</em></strong></span> 
     </span>
     <span class='ocr_line' id='line_1_31' title="bbox 222 3377 2370 3471; baseline -0.002 -19"><span class='ocrx_word' id='word_1_232' title='bbox 222 3392 401 3469; x_wconf 83' lang='grc' dir='ltr'><strong><em>βετο,</em></strong></span> <span class='ocrx_word' id='word_1_233' title='bbox 458 3382 666 3466; x_wconf 85' lang='grc' dir='ltr'><strong><em>μείζω</em></strong></span> <span class='ocrx_word' id='word_1_234' title='bbox 713 3377 817 3449; x_wconf 78' lang='grc' dir='ltr'><strong><em>ἀεὶ</em></strong></span> <span class='ocrx_word' id='word_1_235' title='bbox 862 3382 1310 3466; x_wconf 86' lang='grc' dir='ltr'><strong><em>προσεπενόει</em></strong></span> <span class='ocrx_word' id='word_1_236' title='bbox 1351 3386 1466 3449; x_wconf 90' lang='grc' dir='ltr'><strong><em>καὶ</em></strong></span> <span class='ocrx_word' id='word_1_237' title='bbox 1522 3382 1821 3449; x_wconf 76' lang='grc' dir='ltr'><strong><em>πάντοσε</em></strong></span> <span class='ocrx_word' id='word_1_238' title='bbox 1878 3386 1997 3471; x_wconf 84' lang='grc' dir='ltr'><strong><em>τῆς</em></strong></span> <span class='ocrx_word' id='word_1_239' title='bbox 2033 3379 2370 3467; x_wconf 83' lang='grc' dir='ltr'><strong><em>Ῥωμαίων</em></strong></span> 
     </span>
     <span class='ocr_line' id='line_1_32' title="bbox 229 3480 2368 3573; baseline 0.001 -23"><span class='ocrx_word' id='word_1_240' title='bbox 229 3480 422 3573; x_wconf 75' lang='grc' dir='ltr'><strong><em>ἀρχῆς</em></strong></span> <span class='ocrx_word' id='word_1_241' title='bbox 463 3484 734 3568; x_wconf 75' lang='grc' dir='ltr'><strong><em>ἔπεμπε</em></strong></span> <span class='ocrx_word' id='word_1_242' title='bbox 769 3484 1268 3573; x_wconf 84' lang='grc' dir='ltr'><strong><em>χρησμολόγους</em></strong></span> <span class='ocrx_word' id='word_1_243' title='bbox 1309 3499 1460 3562; x_wconf 84' lang='grc' dir='ltr'><strong><em>ταῖς</em></strong></span> <span class='ocrx_word' id='word_1_244' title='bbox 1517 3484 1761 3551; x_wconf 89' lang='grc' dir='ltr'><strong><em>πόλεσι</em></strong></span> <span class='ocrx_word' id='word_1_245' title='bbox 1820 3486 2164 3572; x_wconf 87' lang='grc' dir='ltr'><strong><em>προλέγων</em></strong></span> <span class='ocrx_word' id='word_1_246' title='bbox 2225 3486 2368 3552; x_wconf 87' lang='grc' dir='ltr'><strong><em>λοι·-</em></strong></span> 
     </span>
     <span class='ocr_line' id='line_1_33' title="bbox 227 3581 2369 3676; baseline -0 -22"><span class='ocrx_word' id='word_1_247' title='bbox 227 3588 381 3669; x_wconf 77' lang='grc' dir='ltr'><strong><em>μοῦς</em></strong></span> <span class='ocrx_word' id='word_1_248' title='bbox 408 3589 522 3655; x_wconf 89' lang='grc' dir='ltr'><strong><em>καὶ</em></strong></span> <span class='ocrx_word' id='word_1_249' title='bbox 554 3586 890 3673; x_wconf 80' lang='grc' dir='ltr'><strong><em>πυρκαϊὰς</em></strong></span> <span class='ocrx_word' id='word_1_250' title='bbox 932 3585 1403 3675; x_wconf 82' lang='grc' dir='ltr'><strong><em>φυλάττεσθαι</em></strong></span> <span class='ocrx_word' id='word_1_251' title='bbox 1445 3591 1559 3655; x_wconf 83' lang='grc' dir='ltr'><strong><em>καὶ</em></strong></span> <span class='ocrx_word' id='word_1_252' title='bbox 1604 3588 1939 3671; x_wconf 83' lang='grc' dir='ltr'><strong><em>σεισμούς,</em></strong></span> <span class='ocrx_word' id='word_1_253' title='bbox 1984 3590 2095 3654; x_wconf 83' lang='grc' dir='ltr'><strong><em>καὶ</em></strong></span> <span class='ocrx_word' id='word_1_254' title='bbox 2143 3581 2369 3676; x_wconf 77' lang='grc' dir='ltr'><strong><em>ἄσφα-</em></strong></span> 
     </span>
     <span class='ocr_line' id='line_1_34' title="bbox 232 3684 2371 3777; baseline 0 -24"><span class='ocrx_word' id='word_1_255' title='bbox 232 3692 347 3767; x_wconf 82' lang='grc' dir='ltr'><strong><em>λῶς</em></strong></span> <span class='ocrx_word' id='word_1_256' title='bbox 386 3689 784 3777; x_wconf 81' lang='grc' dir='ltr'><strong><em>βοηθήσειν,</em></strong></span> <span class='ocrx_word' id='word_1_257' title='bbox 827 3684 920 3766; x_wconf 76' lang='grc' dir='ltr'><strong><em>ὥς</em></strong></span> <span class='ocrx_word' id='word_1_258' title='bbox 961 3687 1052 3774; x_wconf 88' lang='grc' dir='ltr'><strong><em>μὴ</em></strong></span> <span class='ocrx_word' id='word_1_259' title='bbox 1081 3688 1338 3773; x_wconf 81' lang='grc' dir='ltr'><strong><em>γένοιτό</em></strong></span> <span class='ocrx_word' id='word_1_260' title='bbox 1381 3715 1451 3755; x_wconf 91' lang='grc' dir='ltr'><strong><em>τι</em></strong></span> <span class='ocrx_word' id='word_1_261' title='bbox 1478 3687 1752 3770; x_wconf 87' lang='grc' dir='ltr'><strong><em>τούτων,</em></strong></span> <span class='ocrx_word' id='word_1_262' title='bbox 1798 3684 1998 3767; x_wconf 84' lang='grc' dir='ltr'><strong><em>αυτὸς</em></strong></span> <span class='ocrx_word' id='word_1_263' title='bbox 2028 3687 2371 3772; x_wconf 71' lang='grc' dir='ltr'><strong><em>ὑπισχνεῖ-</em></strong></span> 
     </span>
     <span class='ocr_line' id='line_1_35' title="bbox 232 3785 2370 3880; baseline 0.001 -26"><span class='ocrx_word' id='word_1_264' title='bbox 232 3816 300 3856; x_wconf 85' lang='grc' dir='ltr'><strong><em>το</em></strong></span> <span class='ocrx_word' id='word_1_265' title='bbox 343 3786 589 3869; x_wconf 74' lang='grc' dir='ltr'><strong><em>αὐτοῖς.</em></strong></span> <span class='ocrx_word' id='word_1_266' title='bbox 679 3789 795 3857; x_wconf 84' lang='grc' dir='ltr'><strong><em>ένα</em></strong></span> <span class='ocrx_word' id='word_1_267' title='bbox 839 3790 913 3855; x_wconf 87' lang='grc' dir='ltr'><strong><em>δέ</em></strong></span> <span class='ocrx_word' id='word_1_268' title='bbox 953 3816 1107 3856; x_wconf 88' lang='grc' dir='ltr'><strong><em>τινα</em></strong></span> <span class='ocrx_word' id='word_1_269' title='bbox 1143 3790 1473 3879; x_wconf 90' lang='grc' dir='ltr'><strong><em>χρησμόν,</em></strong></span> <span class='ocrx_word' id='word_1_270' title='bbox 1538 3786 1931 3880; x_wconf 78' lang='grc' dir='ltr'><strong><em>αὐτόφωνον</em></strong></span> <span class='ocrx_word' id='word_1_271' title='bbox 1975 3795 2088 3858; x_wconf 85' lang='grc' dir='ltr'><strong><em>καὶ</em></strong></span> <span class='ocrx_word' id='word_1_272' title='bbox 2148 3785 2370 3872; x_wconf 78' lang='grc' dir='ltr'><strong><em>αὐτόν,</em></strong></span> 
     </span>
    </p>
   </div>
   <div class='ocr_carea' id='block_1_3' title="bbox 236 3878 2367 4071">
    <p class='ocr_par' dir='ltr' id='par_1_7' title="bbox 236 3878 2367 4071">
     <span class='ocr_line' id='line_1_36' title="bbox 236 3878 2367 3981; baseline 0.002 -27"><span class='ocrx_word' id='word_1_273' title='bbox 236 3890 294 3968; x_wconf 86' lang='grc' dir='ltr'><strong><em>ἐς</em></strong></span> <span class='ocrx_word' id='word_1_274' title='bbox 336 3885 604 3959; x_wconf 74' lang='grc' dir='ltr'><strong><em>ἅπαντα</em></strong></span> <span class='ocrx_word' id='word_1_275' title='bbox 645 3889 731 3958; x_wconf 81' lang='grc' dir='ltr'><strong><em>τὰ</em></strong></span> <span class='ocrx_word' id='word_1_276' title='bbox 776 3890 944 3978; x_wconf 86' lang='grc' dir='ltr'><strong><em>εθνη</em></strong></span> <span class='ocrx_word' id='word_1_277' title='bbox 992 3890 1060 3957; x_wconf 83' lang='grc' dir='ltr'><strong><em>ἐν</em></strong></span> <span class='ocrx_word' id='word_1_278' title='bbox 1103 3896 1200 3978; x_wconf 77' lang='grc' dir='ltr'><strong><em>τῷ</em></strong></span> <span class='ocrx_word' id='word_1_279' title='bbox 1245 3894 1460 3979; x_wconf 75' lang='grc' dir='ltr'><strong><em>λοιμῷ</em></strong></span> <span class='ocrx_word' id='word_1_280' title='bbox 1505 3892 1969 3978; x_wconf 83' lang='grc' dir='ltr'><strong><em>διεπέμψατο·</em></strong></span> <span class='ocrx_word' id='word_1_281' title='bbox 2030 3878 2113 3981; x_wconf 79' lang='grc' dir='ltr'><strong><em>ἦν</em></strong></span> <span class='ocrx_word' id='word_1_282' title='bbox 2172 3891 2246 3958; x_wconf 79' lang='grc' dir='ltr'><strong><em>δὲ</em></strong></span> <span class='ocrx_word' id='word_1_283' title='bbox 2288 3891 2367 3959; x_wconf 85' lang='grc' dir='ltr'><strong><em>τὸ</em></strong></span> 
     </span>
     <span class='ocr_line' id='line_1_37' title="bbox 238 3991 524 4071; baseline 0.02 -15"><span class='ocrx_word' id='word_1_284' title='bbox 238 3991 385 4071; x_wconf 75' lang='grc' dir='ltr'><strong><em>ἔπος</em></strong></span> <span class='ocrx_word' id='word_1_285' title='bbox 427 3994 524 4061; x_wconf 85' lang='grc' dir='ltr'><strong><em>ε’ν·</em></strong></span> 
     </span>
    </p>
   </div>
  </div>
 </body>
</html>
