2800 4500
767 879 1436 961 LEOTIONUM
1485 880 2158 962 SUPPLEMEN
2163 881 2339 962 TA.

768 1153 1088 1215 Lectiones
1130 1155 1362 1215 codicis
1420 1154 2047 1217 Vindobonensis
2097 1160 2212 1216 123
2259 1155 2361 1213 Β*

771 1292 1034 1350 collatae
1078 1307 1212 1352 cum
1256 1291 1522 1350 editione
1570 1289 2011 1353 Teubneriana.

1235 1473 1862 1540 TYRANNIGIDA.

637 1643 688 1685 c.
729 1632 781 1686 1.
829 1632 961 1705 ζῶν
1006 1630 1122 1701 μὲν
1170 1631 1536 1690 συναδικῶν
1565 1622 1586 1710 [Ι
1614 1633 1810 1706 ζῶντι
1855 1651 1915 1702 μ.
1970 1644 2026 1690 σ.
2075 1660 2150 1670 -
2199 1646 2251 1686 c.
2285 1634 2343 1687 4.
2387 1626 2654 1709 βραδύ-

463 1749 649 1804 τερος
677 1723 696 1807 ΞΙ
725 1726 1125 1810 ἀμβλύτερος
1156 1764 1239 1774 -
1270 1727 1674 1810 ἀμβλύτερος
1701 1725 1721 1812 fl
1746 1726 2145 1811 βραδύτερος
2188 1764 2270 1773 —-
2300 1737 2655 1811 προῆχθαι

461 1825 479 1908 ΙΙ
511 1836 876 1909 προσῆχθαι
908 1865 987 1874 -—
1021 1831 1211 1908 ἔδειξε
1240 1828 1258 1912 ΙΙ
1288 1831 1521 1908 ἔδειξεν
1556 1865 1629 1874 -
1675 1850 1727 1890 c.
1763 1836 1820 1891 5.
1867 1838 2097 1910 φοβῶν
2125 1826 2146 1915 ΙΙ
2175 1828 2522 1895 ἐκκόπτων
2557 1867 2654 1876 —-

464 1927 800 1994 ἐκκόπτων
833 1929 850 2012 ΙΙ
878 1939 1108 2011 φοβῶν
1141 1968 1215 1977 -
1256 1954 1309 1994 c.
1346 1939 1403 1994 6.
1450 1941 1767 2012 γεννικῶν
1799 1931 1819 2016 ΙΙ
1845 1941 2121 2012 γενικῶν
2157 1967 2231 1976 -
2281 1953 2333 1994 e.
2369 1937 2430 1994 8.
2481 1932 2655 2015 ἀνῃ-

463 2035 737 2112 ρημένος
764 2031 785 2117 fl
813 2032 1156 2117 ἀνῃρημὲῦ’
1186 2039 1273 2096 sic
1318 2071 1403 2079 —
1448 2033 1653 2099 ἀλλον
1696 2032 1854 2111 μετὰ
1898 2032 2016 2116 τὴν
2049 2032 2393 2117 συμφορὰν
2419 2031 2441 2117 ΙΙ
2464 2034 2654 2100 ἀλλὰ

461 2131 548 2209 μα
593 2133 711 2217 τὴν
758 2153 808 2201 σ.
873 2171 955 2181 -
1012 2134 1089 2200 τὸ
1134 2140 1199 2200 δέ
1239 2134 1257 2217 ΙΙ
1300 2136 1336 2200 ὃ
1383 2140 1449 2200 δέ
1508 2172 1592 2182 —
1648 2158 1700 2198 c.
1735 2144 1793 2198 9.
1838 2145 2042 2201 ταῦτα
2093 2134 2306 2201 πάντα
2349 2133 2369 2218 ss
2413 2134 2653 2202 πάντα

461 2244 664 2302 ταῦτα
707 2274 792 2283 -
838 2260 891 2301 ο.
937 2246 1032 2301 10.
1079 2244 1136 2303 εἰ
1175 2236 1296 2322 γάρ
1342 2247 1441 2316 τίς
1485 2241 1615 2304 ἐστι
1651 2236 1780 2322 πρὸ
1828 2241 1988 2318 ἐμοῦ
2029 2247 2336 2317 τιμᾶσθαι
2380 2244 2655 2319 δίκαιος

461 2338 478 2422 ΙΙ
524 2345 581 2403 εἰ
620 2337 740 2422 γάρ
785 2349 881 2418 τίς
926 2343 1054 2405 ἐστι
1098 2350 1257 2405 τῶν
1303 2339 1421 2424 πρὶ
1480 2344 1639 2419 ἐμοῦ
1682 2368 1735 2407 τ.
1786 2347 1837 2408 δ.
1899 2378 1983 2386 -
2040 2337 2447 2405 κινδυνεύων
2477 2338 2499 2425 ss
2533 2350 2655 2406 καὶ

462 2440 863 2507 κινδυνεύων
921 2479 1002 2489 -—
1063 2464 1115 2505 c.
1155 2452 1250 2506 11.
1306 2441 1454 2508 τότε
1511 2443 1678 2527 παρ’
1723 2446 1882 2521 ἐμοῦ
1921 2441 1942 2528 ΙΙ
1981 2441 2059 2508 τὸ
2114 2442 2279 2525 παρ’
2325 2445 2491 2519 ἐμοῦ
2558 2481 2652 2490 —

458 2542 798 2627 χρώμενον
827 2542 847 2629 ΙΙ
870 2530 1302 2628 χρωμενουθ)
1348 2583 1434 2592 -
1480 2568 1532 2608 c.
1573 2552 1669 2607 12.
1692 2537 1776 2611 ἐἴ
1798 2573 1894 2623 τις
1925 2599 1938 2612 .
1967 2599 1980 2612 .
2011 2599 2024 2612 .
2062 2544 2434 2616 ἀπέκτεινεν
2466 2545 2485 2629 ΙΙ
2520 2567 2650 2609 om.

462 2682 548 2691 —-
591 2645 905 2728 ἠβούλετο
936 2649 953 2731 ΙΙ
984 2648 1287 2727 ἐβούλετο
1347 2686 1428 2695 --
1486 2657 1814 2729 γίγνεσθαι
1844 2646 1862 2733 ΙΙ
1891 2656 2179 2728 γίνεσθαι
2233 2686 2316 2696 -
2371 2652 2599 2727 αἰτίας
2630 2646 2655 2732 Ι

462 2748 675 2826 ἀδείας
733 2785 805 2794 -
857 2750 1329 2816 ἀποκτείναντα
1359 2747 1378 2834 ΙΙ
1409 2750 1883 2816 ἀποκτείνοντα
1945 2785 2018 2794 -
2083 2771 2135 2811 c.
2174 2755 2267 2810 13.
2316 2757 2378 2813 τί
2426 2755 2497 2813 δὲ
2529 2748 2550 2832 ΙΙ
2582 2760 2655 2816 τί

462 2856 565 2915 δαὶ
610 2873 691 2896 ’-
738 2856 1224 2929 πεφονευμένου
1253 2850 1273 2935 ΙΙ
1302 2876 1532 2931 πεφον.
1584 2848 2094 2933 ἀνεληλυθότος
2142 2885 2215 2894 -
2272 2846 2397 2931 φής
2430 2848 2451 2933 ΙΙ
2480 2849 2653 2933 φήις

466 2987 541 2997 -
594 2951 737 3033 ούχὶ
782 2959 888 3017 καὶ
916 2952 935 3036 ΙΙ
975 2961 1082 3018 καὶ
1128 2954 1271 3035 ούχὶ
1315 2990 1403 2999 —-
1448 2975 1500 3016 c.
1543 2962 1638 3015 14.
1683 2960 1790 3017 καὶ
1848 2959 2151 3033 γενναίαν
2180 2949 2199 3033 ΙΙ
2227 2972 2342 3013 om.
2388 2958 2504 3015 καὶ
2555 2989 2651 2999 —

460 3053 590 3138 πρὸ
633 3062 769 3119 τῶν
814 3064 1055 3121 κοινῶν
1098 3053 1118 3138 ΙΙ
1161 3055 1290 3140 πρὸ
1345 3065 1469 3122 τοῦ
1523 3066 1658 3121 τῶν
1718 3063 1962 3120 κοινῶν
2007 3090 2091 3099 -
2135 3050 2578 3136 προϊδόμενος
2627 3055 2653 3140 fl

460 3156 897 3241 προελόμενος
940 3194 1022 3204 —
1067 3156 1272 3242 μόνης
1309 3157 1328 3242 ΙΙ
1369 3156 1574 3237 μόνος
1622 3194 1697 3202 —
1760 3179 1811 3219 c.
1852 3163 1947 3219 15.
1995 3153 2277 3238 ἐπόνησα
2306 3152 2327 3239 Ε
2355 3157 2650 3238 ἐποίησα

464 3296 542 3304 -
588 3270 933 3344 προελθεῖν
961 3258 982 3343 ΙΙ
1009 3271 1398 3344 προσελθεῖν
1442 3298 1527 3309 -
1572 3265 1660 3326 ἰδὲ
1699 3258 1720 3342 fl
1761 3262 1851 3325 ἴδε
1894 3295 1976 3304 -
2041 3279 2094 3320 e.
2133 3265 2230 3319 17.
2277 3253 2478 3336 οὗτος
2510 3312 2527 3325 .
2567 3314 2583 3326 .
2625 3315 2641 3327 .

460 3361 863 3449 τυράννωνί]
905 3384 1018 3426 om.
1071 3400 1144 3408 -
1205 3362 1280 3428 τὸ
1328 3364 1394 3428 δ’
1441 3363 1751 3445 ἀγνοῆσαι
1791 3360 1811 3447 fl
1851 3361 1928 3427 τὸ
1989 3360 2057 3426 δ’
2103 3359 2300 3438 εὐθὺς
2351 3360 2492 3440 ἀγν.
2551 3397 2648 3409 -

461 3486 515 3527 e.
553 3471 649 3527 18.
682 3467 940 3543 ἐλπίδας
963 3464 1229 3548 χρόνων
1251 3464 1404 3549 uom-
1438 3501 1517 3511 -
1548 3465 1807 3542 τούτοις
1833 3482 1885 3530 σ.
1912 3462 1930 3546 ΙΙ
1952 3479 2091 3540 τοῖς
2113 3481 2167 3528 σ.
2200 3498 2275 3506 -
2309 3460 2476 3544 πρὸς
2509 3461 2651 3546 τὴν

352 3623 360 3633 .
459 3577 584 3633 τελ.
618 3564 811 3649 ΙῙπερὶ
853 3565 971 3650 τὴν
1015 3579 1139 3635 τελ.
1189 3605 1271 3613 -
1319 3589 1370 3629 c.
1412 3576 1508 3630 19.
1553 3575 1650 3644 τίς
1695 3563 2003 3649 ἐχρήσατο
2033 3563 2053 3648 ΙΙ
2080 3585 2195 3626 om.
2226 3571 2324 3641 τίς
2369 3600 2454 3611 --
2503 3566 2647 3631 οὐκ

461 3668 543 3736 ἂν
571 3667 590 3753 ΙΙ
620 3676 815 3733 παντὶ
859 3678 1055 3736 τοῦτο
1099 3707 1186 3715 -
1229 3673 1563 3754 ἐνομίσατε
1593 3666 1613 3752 ΙΙ
1638 3676 1942 3746 νομίσατε

636 3861 667 3891 *
704 3857 840 3910 Sero
875 3860 1000 3923 post
1033 3854 1233 3908 multas
1259 3854 1514 3918 ambages
1538 3853 1726 3920 obtigit
1760 3850 1956 3906 eximia
1979 3849 2209 3903 Hartelii
2242 3849 2346 3902 viri
2368 3847 2647 3905 illustris-

464 3941 586 3994 simi
623 3956 756 3994 cura
802 3946 865 3993 ut
912 3955 977 3993 ex
1030 3939 1357 3992 bibliotheca
1398 3936 1806 3993 Vindobonensi
1842 3936 2107 3990 Caesarea.
2152 3933 2244 3987 hic
2279 3933 2412 3987 mihi
2454 3935 2648 3990 codex

464 4024 940 4078 transmitteretur.
