2800 4500
452 249 535 308 88
1337 247 1708 303 AonssANor

452 419 535 486 τὰ
580 418 705 507 γὰρ
749 422 1027 486 τοιαῦτα
1074 419 1388 497 ἱκετείαις
1428 420 1539 485 καὶ
1586 418 1906 507 δεήσεσιν,
1953 411 2030 484 ού
2077 417 2309 501 νόμοις
2344 418 2455 482 καὶ
2486 409 2671 503 ὂρ-ιεο

452 535 602 607 γαῖς
643 523 757 588 καὶ
801 521 1253 609 δικαστηρίοις
1295 515 1610 607 ύπάγειν,
1658 517 1882 605 οἶμαι,
1941 518 2300 609 προσήκει·
2359 523 2597 585 πείθε-

456 629 629 691 σθαι
671 622 789 691 τὸν
835 622 1068 708 ἰατρὸν
1105 622 1259 712 χρή,
1307 616 1382 690 οὗ
1427 622 1853 704 κελεύεσθαι,
1898 622 2305 707 βούλεσθαι,
2354 614 2430 687 οὗ
2478 645 2599 709 φο·-

452 731 754 811 βεῖσθαι,
801 720 923 794 ἐπὶ
968 724 1086 813 τὴν
1117 730 1497 811 θεραπείαν
1543 718 1659 792 ούκ
1690 721 2000 813 ἄγεσθαι,
2048 723 2281 791 ἑκόντα
2314 724 2386 790 δὲ
2419 717 2599 811 ἐρχό-

453 853 653 912 μενον
697 821 1010 917 ἥδεσθαι.
1097 831 1428 917 πατρικῆς
1471 828 1542 895 δὲ
1589 821 1873 916 ἀνάγκης
1915 822 2197 912 ἄμοιρος
2223 827 2337 893 καὶ
2369 819 2603 913 ἀτελὴς

454 926 492 1019 ἡ
553 936 776 1019 τέχνη,
844 955 1020 999 οπου
1082 955 1156 1016 γε
1210 945 1357 1009 τοῖς
1418 932 1673 1018 ἰατροῖς
1725 933 1836 997 καὶ
1892 929 2184 1018 δημοσίᾳ
2242 929 2313 995 αἱ
2372 927 2605 1006 πόλεις

454 1030 657 1117 τιμὰς
700 1036 811 1100 καὶ
855 1033 1234 1158 προεδρίας
1261 1036 1372 1100 καὶ
1420 1026 1725 1110 ατελείας
1766 1035 1880 1099 καὶ
1910 1038 2286 1119 προνομίας
2318 1029 2604 1098 διδόασι.

352 1141 431 1196 24
459 1140 561 1201 24.
607 1138 817 1201 ταῦτα
860 1135 980 1219 μὲν
1027 1130 1141 1201 οὖν
1182 1126 1492 1214 nemag*
1449 1159 1529 1201 αν
1561 1131 1735 1218 εἶχον
1768 1134 1986 1201 εἰπεῖν
2014 1134 2193 1219 υπὲρ
2215 1137 2334 1220 τῆς
2361 1137 2602 1221 τέχνης,

459 1236 520 1303 εἰ
562 1239 674 1304 καὶ
719 1240 841 1303 σοῦ
886 1236 1328 1322 διδαξαμένου
1372 1262 1458 1321 με
1500 1239 1611 1303 καὶ
1655 1235 1877 1304 πολλὰ
1925 1230 2456 1324 επιμεληθέντος
2486 1236 2605 1301 καὶ

460 1333 959 1420 αναλώσαντος,
1021 1335 1114 1417 ὦς
1162 1338 1496 1424 μάθοιμι,
1553 1339 1729 1425 πρὸς
1770 1345 1933 1423 μίαν
1991 1337 2174 1423 ὅμως
2229 1343 2606 1421 θεραπείαν

457 1437 703 1530 ταύτην
762 1440 1045 1531 δυνατὴν
1090 1429 1328 1519 αἶσαν,
1389 1435 1757 1528 ἀντέλεγον.
1860 1444 2003 1509 νυνὶ
2055 1441 2127 1509 δὲ
2183 1434 2447 1508 κάκεῖνο
2511 1434 2609 1507 ἒν-

458 1543 719 1633 νόησον,
768 1541 859 1624 ὥς
903 1545 1343 1612 παντάπασιν
1390 1538 1694 1667 ἀγνῶμον
1739 1558 1962 1623 ποιεῖς
2006 1538 2123 1612 οὗκ
2168 1537 2298 1610 ἐῶν
2341 1567 2429 1627 με
2455 1547 2609 1629 χρῆ-

461 1652 633 1714 σθαι
675 1641 811 1730 μετ’
863 1640 1252 1733 ελευθερίας
1296 1641 1442 1733 εμιῦ
1471 1647 1774 1734 κτήματι.
1861 1647 2106 1734 ταύτην
2151 1671 2280 1732 εγω
2315 1644 2433 1731 τὴν
2466 1651 2607 1728 τέχ-

459 1774 576 1837 νην
620 1742 736 1832 ούχ
780 1748 926 1827 υἱὸς
970 1739 1063 1815 ὧν
1108 1748 1228 1826 σὸς
1271 1742 1605 1833 εξέμαθον
1651 1742 1805 1816 οὐδὲ
1849 1752 1948 1835 τῷ
1994 1752 2094 1834 σῷ
2123 1747 2306 1833 νόμῳ
2335 1743 2611 1814 ὑποκεί-

457 1874 684 1934 μενος,
751 1854 864 1917 καὶ
929 1843 1111 1935 όμως
1180 1844 1382 1937 αὐτὴν
1440 1850 1805 1939 μεμάθηκα
1863 1857 1977 1918 σοί
2033 1887 2117 1897 -
2171 1853 2284 1917 καὶ
2343 1874 2614 1935 πρωτος

463 1945 663 2039 αὐτῆς
708 1946 1170 2029 ἀπολέλαυκας
1215 1992 1296 2002 -
1343 1947 1535 2021 οὐδὲν
1581 1952 1773 2042 παρὰ
1816 1956 1939 2019 σοῦ
1995 1952 2170 2040 πρὸς
2222 1950 2297 2019 τὸ
2359 1957 2613 2035 μαθεῖν

461 2053 645 2137 ἔχων.
733 2061 884 2122 τίνα
930 2055 1328 2123 διδάσκαλον
1360 2055 1763 2140 ἐμισθώσω;
1806 2062 1958 2123 τίνα
1989 2055 2358 2144 φαρμάκων
2390 2079 2615 2140 παρα·-

462 2156 730 2246 σκευήν,·
795 2151 940 2225 οὐδ’
1012 2153 1391 2247 ἡντιναοῦν·
1460 2152 1631 2225 ἀλλὰ
1699 2158 2065 2242 πενόμενος
2131 2156 2256 2244 ἐγώ
2311 2161 2422 2225 καὶ
2485 2160 2617 2223 τῶν

462 2254 840 2347 ἀναγκαίων
882 2254 1345 2350 ἀπορούμενος
1385 2264 1497 2328 καὶ
1544 2257 1677 2328 ὕπὸ
1728 2265 1864 2328 τῶν
1921 2260 2341 2329 διδασκάλων
2398 2259 2617 2327 ἐλεού-

462 2388 660 2445 μενος
704 2359 1176 2453 ἐπαιδευόμην.
1264 2369 1379 2430 καί
1434 2389 1553 2448 μοι
1595 2367 1876 2431 τοιαῦτα
1936 2362 2122 2449 παρὰ
2179 2367 2300 2429 τοῦ
2355 2359 2619 2449 πατρὸς

456 2491 543 2554 ην
586 2463 762 2554 πρὸς
803 2464 879 2533 τὸ
926 2471 1178 2550 μαθεῖν
1225 2464 1489 2553 ἐφόδια,
1539 2465 1714 2553 λύπη
1761 2468 1871 2532 καὶ
1919 2465 2160 2552 ἐρημία
2202 2468 2312 2532 καὶ
2359 2458 2619 2550 ἀπορία

460 2570 571 2634 καὶ
616 2581 815 2652 μῖσος
860 2567 1121 2635 οἰκείων
1165 2569 1277 2634 καὶ
1322 2561 1724 2655 ἀποστροφὴ
1760 2571 2102 2654 συγγενῶν.
2180 2562 2330 2634 ἆντὶ
2359 2567 2617 2634 τούτων
2632 2586 2695 2640 181

462 2676 686 2737 τοίνυν
724 2674 1027 2759 χρῆσθαί
1068 2695 1197 2754 μου
1242 2672 1325 2789 τῇ
1368 2674 1556 2757 τέχνῃ
1619 2664 1835 2749 ἀξιοῖς
1887 2673 2002 2736 καὶ
2056 2670 2389 2760 δεσπότης
2446 2667 2621 2739 εἶναι

467 2773 697 2851 θέλεις
739 2799 873 2839 των
918 2766 1021 2839 ότ’
1075 2766 1191 2838 οὐκ
1234 2757 1422 2892 ησθα
1467 2772 1799 2859 δεσπότης
1844 2777 2389 2860 πεπορισμένων;
2454 2768 2620 2861 ἀγά-

467 2900 590 2957 πα,
638 2875 704 2942 εἴ
743 2882 811 2942 τί
856 2898 932 2941 σε
974 2878 1085 2941 καὶ
1130 2872 1459 2961 πρότερον
1505 2872 1671 2941 ἑκων
1707 2868 1783 2942 ού
1815 2878 2247 2964 προοφείλων
2279 2874 2348 2942 εὐ
2381 2874 2619 2966 ἐποίη-

468 3000 586 3060 σα,
655 2978 984 3066 μηδεμίαν
1040 2976 1207 3064 μηδὲ
1262 2969 1417 3043 τότε
1467 2976 1661 3064 χάριν
1723 2971 2178 3046 ἀπαιτεῖσθαι
2236 2979 2617 3063 δυνάμενος.

363 3094 439 3150 25
467 3086 568 3147 25.
615 3074 691 3147 οὗ
738 3078 816 3167 δὴ
844 3080 972 3146 δεῖ
1011 3076 1129 3165 τὴν
1176 3072 1488 3145 εὐποιίαν
1531 3078 1648 3167 τὴν
1694 3077 1854 3169 ἐμὴν
1901 3073 2183 3169 ἀνάγκην
2230 3079 2296 3158 ἐς
2351 3080 2428 3148 τὸ
2479 3084 2621 3150 λοο-

466 3181 600 3249 πόν
644 3207 765 3265 μοι
804 3184 1127 3268 γενέσθαι
1185 3173 1338 3247 οὐδὲ
1397 3179 1474 3247 τὸ
1536 3175 1770 3247 ἑκόντα
1828 3175 2251 3270 εὐεργετῆσαι
2307 3176 2622 3273 ἀφορμὴν

462 3286 583 3349 τοῦ
651 3277 896 3349 ὂῖκοντα
960 3280 1356 3348 κελεύεσθαι
1422 3285 1832 3370 καταστῆναι
1890 3277 2043 3350 οὐδὲ
2100 3283 2266 3363 ἔθος
2320 3280 2623 3370 ὑπάρξαι

463 3389 693 3466 τοῦτο,
751 3383 825 3452 τὸ
877 3377 1065 3462 ἅπαξ
1102 3381 1256 3450 τινὰ
1303 3383 1665 3468 ἰασάμενον
1723 3384 1987 3464 πάντας
2044 3380 2148 3453 ἆεὶ
2206 3386 2619 3473 θεραπεύειν

464 3482 765 3563 ὁπόσους
811 3475 891 3552 ἂν
937 3481 971 3552 ὃ
1021 3488 1486 3573 θεραπευθεὶς
1539 3487 1744 3574 θέλῃ·
1803 3485 1952 3554 ἐπεὶ
1999 3487 2334 3567 δεσπότας
2376 3478 2460 3556 ὃν
2509 3482 2621 3556 03-

464 3615 597 3668 τως
652 3582 817 3654 καθ’
880 3583 1066 3676 ἡμῶν
1125 3587 1348 3677 εἴημεν
1404 3587 1560 3667 τοὺς
1613 3594 2198 3676 θεραπευομένους
2252 3615 2622 3677 κεχειροτο-

467 3690 733 3782 νηκότες
775 3692 886 3757 καὶ
930 3689 1189 3774 μισθὸν
1244 3690 1320 3758 τὸ
1386 3690 1722 3759 δουλεύειν
1783 3690 2010 3771 αὐτοῖς
2064 3695 2177 3760 καὶ
2232 3692 2460 3760 πάντα
2514 3720 2621 3762 κε-

469 3794 768 3862 λεύουσιν
842 3788 1197 3882 ὑπηρετεῖν
1272 3794 1845 3881 προσδεδωκότες,
1930 3788 2008 3862 οὗ
2077 3801 2149 3863 τί
2216 3789 2457 3883 γένοιτ’
2541 3788 2622 3866 ὃν

469 3892 871 3984 ἀδικώτερον
884 3924 905 3978 ‚·
979 3894 1155 3962 διότι
1229 3918 1305 3962 σε
1377 3895 1753 3986 νοσήσαντα
1813 3898 2127 3979 χαλεπῶς
2193 3890 2402 3976 οὕτως
2469 3891 2622 3968 ἆνέ-

470 4021 712 4087 στησα,
779 3995 892 4063 διὰ
938 4000 1136 4064 τοῦτο
1181 3996 1470 4080 νομίζεις
1515 3997 1760 4076 ἐξεῖναί
1806 4020 1916 4065 σοι
1971 4002 2438 4088 καταχρῆσθαί
2489 4026 2622 4086 μου
