2800 4500
1043 261 1425 317 ABDICATUS.
2190 262 2312 320 233

357 454 545 515 ρωστ.
597 432 705 497 ΑΓ
752 470 827 482 -
880 433 1299 516 ἐνδεχόμενον
1341 433 1361 519 [Ι
1406 456 1521 498 om.
1567 438 1635 500 ἐν
1667 432 1787 495 ΩΓ
1832 470 1915 480 ——
1960 432 2119 517 ὅπερ
2166 434 2314 517 άλη-

355 541 678 604 θὲστατον
734 534 756 623 ss
812 535 1028 620 ὥσπερ
1075 537 1172 604 α’λ.
1221 536 1277 598 Α
1340 572 1416 582 -
1480 535 1757 614 ἅπαντες
1801 535 1820 619 ΙΙ
1862 535 2060 602 ἅπᾶσι
2103 533 2173 598 Ω
2231 572 2315 582 -

356 645 616 721 λέγουσι
673 639 692 724 ΙΙ
737 645 1038 721 λέγουσιν
1083 637 1135 700 Γ
1187 676 1270 686 -
1327 638 1892 721 δικαιολογήσομαι
1937 637 1957 723 ΙΙ
1996 646 2315 705 δικαιολο-

357 741 674 826 γήσασθαι
722 740 792 805 Ω
835 779 919 789 -
964 752 1077 826 τῆς
1120 747 1342 825 τέχνης
1384 739 1407 827 fl
1450 763 1564 805 om.
1611 751 1723 825 τῆς
1767 739 1820 803 Α

185 863 224 903 c.
265 849 313 904 8.
362 870 461 927 πρ.
512 871 582 925 γε
624 842 646 929 fl
688 871 793 928 πρ.
843 870 913 926 γε
956 851 1065 910 καὶ
1109 841 1179 906 Ω
1223 880 1306 890 -
1352 843 1448 909 ἵν’
1491 850 1623 926 εἰδῇ
1664 840 1685 928 Ι
1727 844 1825 909 ἵν’
1871 842 2185 926 εἰδῆτεΩ
2232 882 2315 891 -

361 945 636 1030 πατράσι
665 946 686 1033 ΙΙ
714 945 1036 1030 πατράσιν
1079 944 1132 1008 Γ
1177 984 1259 994 --
1305 945 1519 1025 οὕτως
1545 944 1565 1029 [Ι
1596 945 1773 1013 οὕτω
1809 943 1931 1008 ΩΓ
1977 982 2059 993 -
2103 945 2265 1013 αὐτὸ
2297 945 2315 1030 ΙΙ

359 1058 553 1116 τοῦτο
598 1049 654 1111 Α
698 1085 780 1096 -
827 1048 1119 1132 πάσχωσι
1148 1049 1168 1134 ΙΙ
1196 1049 1527 1131 πάσχωσιν
1571 1046 1624 1110 Γ
1667 1085 1752 1096 -
1794 1058 2123 1130 γίγνεσθαι
2164 1046 2187 1135 Ι
2226 1058 2315 1130 γί-

362 1160 583 1217 νεσθαι
628 1149 681 1213 Α
725 1186 811 1198 -—
857 1155 919 1230 ἐς
963 1158 1080 1218 δικ.
1127 1147 1149 1235 Ι
1191 1157 1279 1229 εἰς
1324 1157 1442 1217 δικ.
1492 1148 1544 1212 Α
1590 1186 1673 1197 —-
1731 1149 1895 1233 πρὸς
1941 1149 2250 1233 διαβολὴν
2291 1149 2311 1234 ΙΙ

361 1272 469 1314 om.
515 1251 681 1335 πρὸς
727 1250 848 1315 ΩΓ
911 1289 984 1297 -
1047 1251 1180 1335 ᾔδει
1220 1251 1239 1337 ΙΙ
1283 1250 1399 1336 ἤδη
1445 1273 1744 1332 suprascr.
1791 1278 1843 1318 ει
1888 1249 1940 1312 Γ
1986 1289 2068 1298 -
2112 1261 2313 1333 γίγνε-

362 1364 507 1419 σθαι
551 1353 572 1439 Ι]
617 1357 781 1422 εἶναι
825 1353 879 1416 Α
924 1392 1006 1402 -
1052 1358 1121 1434 ἐξ
1165 1353 1398 1438 ἐρήμης
1441 1351 1462 1439 Ι
1507 1358 1575 1434 ἐξ
1618 1354 1859 1438 ἐρήμου
1905 1351 1973 1416 Ω

186 1471 225 1512 c.
264 1461 314 1515 9.
362 1457 556 1536 ἔξεστι
597 1455 619 1543 fl
662 1460 905 1538 ἔξεστιν
950 1455 1002 1519 Γ
1048 1493 1131 1503 ——
1176 1464 1233 1523 εἰ
1271 1455 1293 1542 fl
1335 1465 1422 1536 εἰς
1466 1455 1536 1520 Ω
1579 1493 1663 1504 -
1707 1455 2260 1541 ἀποπληρώσαντι
2294 1454 2316 1539 fl

361 1557 875 1644 άποπληρώσατε
917 1558 987 1622 Ω
1033 1597 1116 1608 --
1160 1586 1281 1641 γιν.
1317 1569 1455 1625 τῶν
1486 1567 1739 1626 παίδων
1767 1558 1788 1644 ΙΙ
1814 1585 1935 1640 γιν.
1971 1558 2134 1626 κατὰ
2178 1568 2313 1624 τῶν

360 1669 524 1729 παιδ.
575 1660 629 1723 Α
686 1689 806 1744 γιν.
857 1670 965 1729 καὶ
1021 1690 1073 1730 τ.
1124 1669 1292 1729 παιδ.
1356 1659 1479 1724 ΩΓ
1536 1699 1620 1709 -
1675 1671 2115 1741 μεταπεισθεὶς
2154 1662 2173 1747 ΙΙ
2212 1689 2315 1741 με·

358 1774 637 1844 τατιθεὶς
668 1763 738 1828 Ω
769 1801 852 1812 -
881 1765 1128 1849 α’νάγκη
1157 1764 1177 1849 ΙΙ
1206 1767 1303 1833 α’ν.
1351 1772 1469 1845 μὲν
1513 1763 1615 1827 ΑΓ
1645 1802 1729 1812 -
1758 1775 1881 1832 τοῦ
1921 1772 2039 1844 μὲν
2067 1765 2086 1850 ss
2114 1775 2315 1833 τοῦτο

355 1893 412 1943 μ.
462 1865 514 1928 Γ
574 1904 653 1915 —
714 1868 871 1948 τοὺς
928 1870 1108 1949 ἄναξ.
1153 1868 1173 1954 ΙΙ
1213 1868 1369 1948 τοὺς
1423 1876 1542 1948 μὲν
1596 1869 1776 1949 α’ναξ.
1826 1867 1896 1932 Ω
1951 1868 2106 1948 τοὺς
2151 1868 2315 1950 ἄγαν

358 1968 581 2050 άξίους
626 1971 682 2033 Α

178 2084 219 2127 e·
245 2076 327 2132 10.
356 2072 481 2153 ἀφ’
525 2077 768 2140 ἑαυτοῦ
820 2071 843 2157 Ι
896 2073 1027 2154 ὑφ’
1070 2077 1309 2140 ἑαυτοῦ
1371 2071 1548 2135 ΑΩΓ
1604 2109 1689 2120 -
1746 2077 2053 2155 ἐπανῆγες
2093 2074 2113 2157 ΙΙ
2169 2077 2315 2138 ἐπα-

356 2172 623 2258 νήγαγες
666 2174 722 2236 Α
770 2210 855 2221 -
913 2178 976 2255 ἐς
1033 2203 1083 2243 τ.
1149 2181 1360 2242 οἰκίαν
1416 2172 1438 2262 fl
1489 2181 1575 2255 εἰς
1632 2202 1683 2241 τ.
1736 2180 1853 2241 οἰκ.
1904 2171 1973 2235 Ω
2031 2210 2115 2220 -
2171 2190 2311 2253 τοῖς

355 2276 646 2363 νόμοιςΙΙ
701 2299 818 2341 om.
862 2276 916 2339 A
977 2314 1050 2324 —
1114 2286 1215 2344 σοὶ
1272 2276 1654 2345 δοκούντων
1709 2277 1730 2362 ΙΙ
1784 2299 1896 2341 om.
1958 2284 2059 2342 σοὶ
2116 2274 2168 2338 Α
2227 2312 2309 2323 --

356 2380 802 2464 άνατέτροφας
856 2379 877 2465 fl
932 2380 1378 2464 ἀνατέτραφας
1436 2378 1558 2442 ΩΓ
1615 2416 1697 2426 --
1757 2387 1863 2445 καὶ
1921 2383 2055 2464 ῥᾳδ.
2114 2376 2137 2465 Ι
2196 2400 2310 2442 om.

353 2490 457 2548 καὶ
501 2480 627 2545 ΩΓ

180 2589 326 2645 c.11.
354 2585 468 2668 τὴν
500 2584 706 2669 αὐτὴν
745 2613 868 2665 τιμ.
950 2589 1052 2652 ἐπὶ
1082 2614 1134 2653 τ.
1170 2586 1307 2653 αύτ.
1342 2612 1465 2664 τιμ.
1500 2583 1606 2648 ΑΓ
1651 2622 1735 2632 -—
1779 2588 2021 2668 ἔξωρος
2067 2585 2085 2669 ΙΙ
2115 2588 2309 2667 ἔξωρ-

354 2698 473 2767 θος
503 2688 557 2751 Α
592 2723 668 2734 -
719 2695 806 2769 εἰς
851 2693 932 2757 ἓτ.
969 2687 989 2773 ΙΙ
1019 2692 1082 2767 ἐς
1113 2696 1174 2752 et
1200 2693 1337 2770 lac„
1369 2710 1484 2751 om.
1517 2691 1736 2772 ἕτερον
1766 2686 1835 2750 Ω
1882 2692 1943 2766 ἐς
1989 2691 2210 2771 ἕτερον
2254 2686 2307 2748 Γ

358 2824 428 2833 -
492 2792 593 2870 οἷς
637 2789 656 2874 ΙΙ
701 2789 911 2869 οὓς(9)
956 2788 1008 2852 Α
1065 2829 1146 2838 -
1204 2796 1260 2856 εἰ
1310 2789 1591 2868 τούτους
1632 2788 1653 2876 u
1697 2797 1753 2855 εἰ
1804 2788 2065 2868 τούτοις
2108 2787 2162 2850 Α
2220 2825 2305 2835 -

358 2891 528 2958 οὕτω
575 2891 651 2975 δὴ
679 2891 700 2978 ΙΙ
729 2892 942 2972 οὕτως
987 2899 1053 2959 δὲ
1082 2892 1135 2956 Α
1181 2930 1255 2939 ——
1309 2896 1369 2958 εἴ
1408 2912 1510 2959 σοι
1546 2891 1566 2976 ΙΙ
1609 2896 1671 2958 εἴ
1704 2919 1816 2970 μοι
1858 2890 1927 2954 Ω
1974 2900 2030 2957 εἰ
2068 2891 2153 2975 μὴ
2199 2888 2305 2952 ΑΓ

357 3027 435 3039 --
493 2994 969 3078 α’ποκηρύττειν
1012 2993 1032 3080 ΙΙ
1088 2994 1524 3079 ἀποκηρύξειν
1568 2992 1637 3056 Ω
1700 3033 1775 3042 -
1834 2999 2100 3074 βέβαιον
2144 2993 2163 3079 ΙΙ
2205 3000 2307 3073 βέ-

357 3103 543 3171 βαιαν
590 3094 643 3158 Α
701 3134 782 3144 -
838 3099 911 3162 ἓν
955 3103 1073 3175 μὲν
1118 3095 1138 3179 ΙΙ
1177 3098 1249 3162 ἓν
1300 3103 1417 3175 μὲν
1476 3100 1683 3163 ἐκεῖνο
1728 3094 1795 3159 Ω
1852 3099 1923 3162 ἓν
1980 3101 2099 3173 μὲν
2158 3103 2214 3161 εἰ
2253 3094 2305 3157 Γ

357 3233 433 3242 -
465 3198 818 3282 παρῃτήσω
848 3197 868 3283 ΙΙ
896 3196 1245 3282 παρητήσω
1275 3197 1325 3260 Γ
1372 3236 1454 3246 ——-
1498 3198 1578 3266 τὰ
1616 3198 1938 3283 πρότερον
1966 3197 1987 3282 Ι
2015 3197 2093 3263 τὰ
2138 3208 2304 3278 γοῦν

358 3324 533 3381 προτ.
595 3299 664 3363 Ω

181 3410 222 3453 c·
248 3402 330 3459 12.
357 3398 530 3485 ᾤ’μην
572 3401 593 3487 ΙΙ
638 3400 862 3486 ω’όμην
903 3400 972 3464 Ω
1017 3439 1101 3449 --
1146 3402 1488 3485 ἐπανάγειν
1531 3403 1550 3487 ΙΙ
1594 3407 2017 3483 ἐπαναγαγεῖν
2063 3401 2132 3465 Ω

181 3512 222 3553 c.
249 3504 329 3561 13.
358 3501 509 3569 ὄντα
550 3529 629 3583 με
669 3502 691 3590 fl
734 3526 848 3568 om.
894 3531 970 3583 με
1015 3501 1135 3567 ΩΓ
1180 3541 1262 3552 --
1310 3504 1701 3589 α’ποκηρύξει
1734 3503 1753 3586 ΙΙ
1790 3506 1896 3572 α’π.
1945 3532 2023 3584 με
2066 3504 2188 3568 ΩΓ
2219 3544 2301 3553 -

353 3612 539 3688 μηδὲν
582 3607 740 3690 η’δικ.
791 3605 810 3690 ΙΙ
849 3607 1085 3691 μικρὸν
1130 3610 1221 3690 ἥδ.
1272 3605 1340 3670 Ω
1386 3645 1469 3655 —-
1516 3608 1605 3688 ὡς
1651 3609 1733 3675 ἂν
1762 3607 1783 3694 ΙΙ
1817 3631 1931 3672 om.
1979 3609 2058 3675 ἂν
2105 3608 2174 3671 Ω
2220 3647 2294 3656 -

355 3709 612 3790 ἔναγχος
654 3708 675 3793 ΙΙ
717 3714 944 3792 ἐναγχο
985 3715 1073 3773 sic
1116 3708 1185 3772 Ω
1230 3748 1315 3757 -
1359 3710 1858 3796 ἀχαριστότερον
1901 3710 2302 3796 ΙΙάχαριστω-

354 3834 536 3892 τερον
580 3808 632 3872 Γ
690 3848 774 3858 -
830 3811 1074 3878 οὑτωσὶ
1118 3812 1137 3898 ΙΙ
1181 3835 1295 3876 om.
1343 3842 1363 3878 ι
1410 3810 1478 3875 Ω
1535 3850 1619 3860 --
1671 3818 1774 3879 ἐπὶ
1827 3813 1944 3897 τὴν
1990 3818 2075 3897 ἐρ.
2122 3812 2143 3899 fl
2186 3836 2299 3878 om.

355 3911 448 3975 ἐπὶ
490 3909 612 3974 ΩΓ
671 3949 752 3961 -·
810 3915 1162 3997 ἐφησθέντ’
1208 3914 1290 3981 ἂν
1332 3913 1351 3999 ΙΙ
1395 3918 1787 3998 ἐφησθέντα,
1835 3938 1947 3979 om.
1995 3915 2076 3981 ἂν
2121 3913 2310 3983 ΑΩΓ,

58 4003 59 4008 ’
182 4011 327 4068 0·14.
357 4011 619 4098 σμικρόν
661 4015 682 4099 Β
722 4018 786 4094 ἐς
828 4014 1064 4099 μικρόν
1109 4013 1179 4078 Ω
1221 4014 1457 4098 μικρόν
1502 4015 1574 4098 Α,
1620 4022 1684 4079 ῙῙΙ
1721 4038 1839 4081 13⁸·
1870 4016 1922 4078 Γ
1966 4054 2047 4064 -·
2094 4016 2303 4104 ὸθᾷςΙΙ
