2800 4500
823 253 1128 307 ΑΛΗΘΟΥΣ
1167 253 1462 307 ΙΣΤΟΡΙΑΣ
1499 256 1553 305 Α.
2180 251 2215 309 3
2227 252 2256 308 1

149 415 279 503 ἡμῖν
306 425 408 489 καὶ
439 418 640 490 ἄλλαι
684 423 936 488 πολλαὶ
983 426 1175 510 νῆσοι
1220 425 1530 509 πλησίον,
1581 422 1650 487 αἱ
1695 423 1817 503 μὲν
1860 421 2142 504 μείζους,
2191 422 2262 488 αἱ

151 521 207 586 δὲ
242 524 635 609 μικρότεραι,
683 527 845 607 πυρὶ
890 521 1010 611 τὴν
1048 525 1255 609 χρόαν
1301 536 1820 609 προσεοικυῖαι,
1832 526 1943 590 καὶ
1990 520 2152 610 άλλη
2192 524 2263 590 δέ

147 649 228 701 τις
264 628 338 713 γῆ
378 626 558 692 κάτω
603 629 715 694 καὶ
761 626 1058 704 πόλεις’
1031 651 1098 693 εν
1132 622 1298 713 αὐτῇ
1329 630 1442 694 καὶ
1487 624 1835 708 ποταμοὺς
1882 625 2121 707 ε’χουσα
2151 629 2262 692 καὶ

143 728 361 816 πελάγη
405 731 518 795 καὶ
549 721 712 807 ύλας
741 731 851 795 καὶ
897 725 1041 815 όρη.
1129 728 1373 813 ταύτην
1420 724 1536 794 οὖν
1577 726 1695 816 τὴν
1739 721 1903 793 καθ’
1953 723 2130 815 ἡμᾶς
2162 726 2262 793 οἰ-

142 836 423 918 κουμένην
471 829 834 915 εἰκάζομεν.
915 839 1013 897 11.
1048 830 1250 908 δόξαν
1283 826 1423 897 δὲ(
1384 844 1544 919 ημῖν
1573 832 1684 895 καὶ
1716 829 1818 896 ἔτι
1857 834 2261 914 πορρωτέρω
2280 835 2344 890 11

142 935 508 1015 προελθεῖν,
571 933 1079 1022 ξυνελήφθημεν
1135 947 1278 1010 τοῖς
1316 929 1761 1017 Ἱππογύποις
1807 924 1972 1014 παρ’
2040 925 2265 1009 αὐτοῖς

142 1035 549 1117 καλουμένοις
594 1029 1116 1121 ἀπαντήσαντες.
1209 1035 1274 1101 οἱ
1308 1028 1370 1099 δ’
1416 1029 1820 1118 Ἱππόγυποι
1865 1027 2051 1100 οὗτοί
2095 1032 2265 1098 εἰσιν

144 1130 346 1221 ἄνδρες
389 1136 504 1203 ἐπὶ
553 1139 780 1220 γυπῶν
835 1135 1141 1221 μεγάλων
1204 1128 1554 1219 ὀχούμενοι
1610 1137 1723 1201 καὶ
1779 1136 2097 1219 καθάπερ
2143 1134 2263 1201 ἵπ-

140 1262 275 1316 ποις
327 1252 472 1317 τοῖς
529 1233 794 1323 ὀρνέοις
844 1239 1204 1323 χρώμενοι·
1264 1237 1545 1323 μεγάλοι
1600 1236 1726 1322 γὰρ
1784 1238 1849 1303 οἱ
1903 1241 2109 1323 γῦπες
2153 1240 2263 1303 καὶ

140 1335 213 1416 ὡς
253 1340 504 1408 ἐπίπαν
548 1341 962 1428 τρικέφαλοι.
1050 1341 1272 1424 μάθοι
1319 1334 1384 1406 δ’
1439 1336 1520 1406 ἄν
1550 1364 1654 1417 τις
1687 1340 1762 1406 τὸ
1809 1340 2099 1425 μέγεθος
2146 1334 2263 1406 αύ-

139 1445 248 1506 τιῦν
288 1441 632 1508 ἐντεῦθεν·
680 1440 843 1520 νειὸς
886 1440 1011 1527 γὰρ
1055 1442 1344 1529 μεγάλης
1389 1441 1710 1528 φορτίδος
1757 1442 1945 1507 ἱστοῦ
1990 1441 2263 1509 ἕκαστον

140 1547 249 1608 τῶν
289 1548 553 1630 πτερῶν
596 1544 1001 1629 μακρότερον
1029 1547 1142 1611 καὶ
1190 1543 1560 1628 παχύτερον
1608 1543 1914 1630 φέρουσι.
2003 1543 2264 1620 τούτοις

141 1630 234 1711 οὖν
286 1661 425 1724 τοῖς
477 1643 933 1732 Ἱππογύποις
989 1647 1478 1731 προστέτακται
1535 1645 2090 1730 περιπετομένοις
2145 1643 2264 1730 τὴν

138 1751 265 1833 γῆν,
312 1750 377 1815 εἴ
415 1775 520 1827 τις
567 1745 875 1836 εὑρεθείη
923 1749 1135 1829 ξένος,
1186 1743 1453 1835 ἀνάγειν
1500 1744 1589 1825 ὦς
1634 1745 1750 1815 τὸν
1792 1748 2107 1832 βασιλέα·
2154 1750 2263 1814 καὶ

142 1848 204 1935 ὀὴ
245 1855 353 1923 καὶ
395 1848 572 1940 ἡμᾶς
618 1851 1051 1933 ξυλλαβόντες
1096 1845 1453 1936 ανάγουσιν
1490 1847 1582 1928 ὥς
1613 1845 1832 1918 αυτόν.
1922 1847 1955 1917 5
1992 1852 2064 1917 δὲ
2094 1856 2264 1917 θεα-

141 1953 401 2036 οάμενος
431 1957 543 2020 καὶ
576 1948 714 2020 ἀπὸ
748 1957 865 2042 τῆς
897 1958 1068 2031 θέας
1099 1957 1187 2035 (†)
1218 1957 1324 2019 καὶ
1355 1957 1475 2042 τῆς
1506 1956 1745 2039 στολῆς
1778 1954 2066 2035 εἰκάσας,
2097 1946 2262 2034 ,,Ἐλ·

143 2055 307 2171 ληνες
338 2050 529 2140 άρα“,
563 2054 712 2142 ἔφη,
745 2051 993 2138 ,,υμεῖς,
1027 2053 1080 2120 ὠ
1113 2055 1368 2137 ξένοι,·“
1414 2056 1905 2143 συμφησάντων
1939 2056 2028 2138 δέ,
2059 2060 2266 2136 ,,Πῶς

143 2153 239 2221 οὖν
295 2152 669 2244 άφίκεσθε“
672 2210 689 2238 ,
752 2157 914 2244 ἔφη,
971 2161 1335 2238 ,,τοσοῦτον
1394 2152 1560 2240 άέρα
1620 2158 2093 2240 διελθόντες,·“
2156 2161 2266 2224 καὶ

141 2252 312 2343 ἡμεῖς
338 2258 412 2326 τὸ
448 2263 589 2325 πᾶν
622 2254 802 2345 αὐτῷ
835 2260 1279 2346 διηγούμεθα·
1326 2263 1436 2326 καὶ
1470 2258 1545 2337 ὃς
1592 2253 1957 2343 ἀρξάμενος
1987 2259 2061 2325 τὸ
2097 2254 2260 2325 καθ’

144 2356 321 2426 αὗτὸν
363 2358 522 2446 ἡμῖν
571 2361 837 2448 διεξῄει,
885 2358 978 2439 ὦς
1021 2365 1130 2428 καὶ
1180 2356 1381 2439 αὐτὸς
1428 2358 1797 2444 ἄνθρωπος
1843 2352 1931 2427 ὢν
1976 2358 2270 2445 τοῦνομα

135 2455 466 2547 Ἐνδυμίων
512 2460 652 2531 άπὸ
699 2470 818 2550 τῆς
859 2461 1183 2554 ἡμετέρας
1225 2469 1344 2552 γῆς
1393 2465 1745 2531 καθεύδων
1791 2459 2269 2554 ἀναρπασθείη

144 2566 291 2631 ποτὲ
341 2571 451 2635 καὶ
521 2561 925 2654 ἀφικόμενος
988 2567 1412 2652 βασιλεύσειε
1474 2571 1591 2655 τῆς
1643 2567 1898 2651 χώρας·
1970 2564 2143 2634 εἶναι
2199 2568 2271 2634 δὲ

144 2665 247 2752 τὴν
286 2673 398 2757 γῆν
445 2668 696 2756 ἐκείνην
754 2669 934 2756 ἔλεγε
977 2668 1096 2755 τὴν
1156 2667 1315 2756 ἡμῖν
1373 2669 1553 2735 κάτω
1613 2669 2021 2758 φαινομένην
2066 2670 2271 2756 Σελή-

85 2775 259 2854 Ἰθνην.
344 2765 511 2837 ἀλλὰ
557 2777 838 2859 θαρρεῖν
885 2797 959 2838 τε
1000 2772 1478 2854 παρεκελεύετο
1523 2775 1631 2838 καὶ
1679 2772 1931 2858 μηδένα
1974 2773 2272 2838 κίνδυνον

143 2865 549 2957 ὑφορᾶσθαι·
618 2875 842 2942 πάντα
905 2874 1030 2960 γὰρ
1088 2871 1245 2961 ἡμῖν
1310 2875 1742 2958 παρέσεσθαι
1798 2868 1890 2940 ὦν
1927 2875 2270 2958 δεόμεθα.

150 2980 233 3039 12.
266 2966 389 3042 ”Hv
436 2977 649 3044 δὲκαὶ
692 2978 1134 3062 κατορθώσω,
1183 2977 1330 3064 ἔφη,
1378 2976 1496 3043 τὸν
1542 2977 1860 3061 πόλεμον,
1907 2976 1984 3044 ὂν
2016 2977 2272 3065 ἐκφέρω
2296 2988 2369 3043 12

148 3079 243 3141 νῦν
284 3078 453 3164 πρὸς
495 3079 652 3155 τοὺς
696 3078 811 3146 τὸν
864 3072 1054 3166 ἥλιον
1112 3083 1611 3159 κατοικοῦντας,
1673 3076 1993 3145 ἁπάντων
2053 3074 2276 3145 εὐδαι-

148 3178 493 3257 μονέστατα
540 3206 682 3265 παρ
764 3181 915 3263 εμοὶ
957 3181 1489 3265 καταβιωσεσθε.
1578 3183 1690 3247 καὶ
1733 3175 1920 3268 ημεῑς
1966 3175 2277 3269 ἠρόμεθα
2355 3185 2360 3188 ’

149 3284 302 3358 τίνες
342 3307 414 3348 τε
458 3279 590 3348 εἶεν
638 3283 703 3347 οἱ
748 3281 1067 3367 πολέμιοι
1124 3286 1232 3348 καὶ
1279 3282 1398 3368 τὴν
1454 3282 1677 3348 αἰτίαν
1737 3287 1854 3367 τῆς
1911 3283 2275 3404 διαφορᾶς·

146 3373 204 3445 ‘0
231 3382 316 3463 δέ,
358 3384 747 3465 ,,Φαέθων“
751 3436 767 3463 ,
816 3391 1040 3471 φησίν,
1087 3381 1164 3464 ,,ὄ
1205 3388 1337 3449 τῶν
1370 3408 1439 3449 εν
1470 3388 1564 3470 τῶ
1596 3381 1764 3473 ἡλίω
1795 3385 2278 3451 κατοικούντων

147 3485 434 3561 βασιλεύς
477 3522 561 3532 —-
609 3485 889 3552 οἰκεῖται
946 3485 1072 3573 γὰρ
1134 3485 1210 3571 δὴ
1271 3480 1570 3564 κάκεῖνος
1629 3479 1854 3569 ὥσπερ
1912 3483 2107 3574 καὶὴ
2156 3494 2278 3553 Σε-

152 3583 321 3725 ληνη
333 3625 410 3634 -
459 3586 672 3652 πολυν
716 3584 841 3675 ἤδη
889 3587 1061 3672 πρὸς
1119 3584 1294 3672 ἡμᾶς
1350 3590 1636 3671 πολεμεῖ
1688 3589 1944 3673 χρόνον.
2033 3585 2276 3676 ἤρξατο

152 3682 279 3749 δὲ’
255 3687 321 3764 εξ
362 3688 585 3766 αἰτίας
629 3688 967 3776 τοιαύτης·
1015 3694 1148 3755 τιῦν
1195 3714 1262 3755 εν
1306 3694 1388 3777 τῇ
1435 3684 1600 3777 ἀρχῇ
1629 3694 1712 3776 τῇ
1745 3688 1868 3776 ἐμῇ
1912 3714 2082 3755 ποτε
2125 3688 2280 3767 τοὺς

154 3776 612 3876 ἆπορωτάτους
699 3813 1082 3876 συναγαγων
1169 3787 1574 3917 ἐβουληθην
1631 3785 1951 3856 αποικίαν
2025 3789 2090 3867 ἐς
2161 3789 2278 3856 τὸν

146 3879 499 3977 Ἑωσφόρον
547 3893 833 3973 στεῖλαι,
893 3888 1054 3958 όντα
1102 3892 1342 3979 ἔρημον
1386 3895 1498 3958 καὶ
1541 3890 1673 3959 ὑπὸ
1730 3892 2010 3980 μηδενος
2053 3917 2280 3957 κατοι-

152 3989 475 4073 κούμενον·
523 3990 557 4059 5
607 4000 830 4060 τοίνυν
881 3994 1176 4060 Φαέθων
1224 3993 1580 4082 φθονήσας
1627 3995 1866 4060 ἐκώλυε
1909 3993 2027 4079 τὴν
2075 3987 2281 4061 ἀποι-
