2800 4500
429 328 439 337 ο
497 250 622 309 316
1228 246 1610 301 ADNOTATIO
1646 246 1915 300 GRlTlCA.

709 420 765 486 (ὅ
779 440 817 485 σ
831 447 878 486 π
893 447 920 486 ε
932 446 971 502 ρ
1003 446 1031 486 ε
1046 426 1071 484 ἰ
1082 445 1129 485 π
1143 445 1170 484 ε
1187 436 1214 484 ῖ
1227 446 1261 485 ν
1292 424 1585 501 πένητας,
1618 419 1880 499 ὀλίγους
1911 423 1975 483 δὲ
2007 426 2141 482 τῶν
2169 413 2469 496 μεγάλων
2496 413 2516 498 Ι
2544 419 2639 478 καὶ

710 549 810 601 ως
842 525 1032 600 ἔπος
1068 528 1331 587 εἰπεῖν
1362 526 1638 603 πένητας
1666 518 2055 600 πολλοὺς,
2102 522 2263 596 quod
2291 523 2643 598 respondeat
2754 564 2755 595 ;

707 628 981 703 sequenti
1024 623 1288 705 ὀλίγους
1344 630 1409 689 δὲ
1453 633 1590 689 τῶν
1638 633 1875 703 μεγαλ.,
1934 628 2141 684 contra
2182 620 2472 700 πολλοὺς
2518 627 2643 699 post
2754 648 2755 709 j

706 726 987 808 λύχνους
1018 729 1230 792 delevi.
1309 729 1403 788 De
1447 725 1536 804 ὡς
1581 728 1733 803 ἔπος
1779 730 1976 790 εἰπεῖν
2022 726 2098 786 cf.
2144 727 2430 787 Iudicium
2471 745 2641 787 voca·
2754 742 2755 747 ¹

708 834 848 892 lium
894 851 946 892 c.
982 835 1036 893 8.
1085 833 1153 894 ἐκ
1195 834 1411 907 μέσων
1457 828 1545 907 ὡς
1590 831 1742 906 ἔπος
1798 834 1998 893 εἰπεῖν
2043 836 2180 892 τῶν
2225 826 2498 893 κόλπων
2544 824 2642 908 ἆρ-

707 931 937 1000 πάσαν.
988 970 1071 978 -
1116 935 1219 997 ἐπὶ
1264 939 1482 1016 ξενίᾳ
1529 929 1806 997 ἐκάλουν
1837 929 1856 1013 ΙΙ
1885 935 2107 1010 ξένια
2154 932 2358 993 Cobet.
2410 965 2484 974 —
2534 938 2642 1011 γῆν

710 1041 775 1101 δὲ
820 1035 1132 1114 οὐδαμοῦ,
1178 1032 1346 1116 πλήν
1391 1059 1461 1114 γε
1504 1043 1611 1099 τῶ
1626 1060 1664 1099 ν
1696 1037 1764 1099 ἐν
1794 1042 1889 1120 τῷ
1934 1033 2070 1113 άέρι
2099 1031 2118 1116 ΙΙ
2146 1031 2265 1114 τὴν
2312 1030 2459 1093 291'v
2492 1033 2641 1096 lut
2756 1060 2757 1079 ¹

498 1160 546 1202 c.
578 1146 675 1202 31.
709 1138 901 1219 ὄρνεα
947 1136 1039 1202 τὰ
1082 1135 1397 1202 θαλάττια
1440 1134 1460 1220 ΙΙ
1493 1123 1623 1215 ’[τά]
1667 1139 1721 1197 Α
1754 1134 1900 1198 ΩΓ
1933 1140 2098 1197 Mut.

498 1261 546 1304 c.
576 1247 673 1304 32.
706 1237 1185 1318 ἀνακαύσαντες
1224 1237 1244 1321 ΙΙ
1286 1249 1441 1319 πῦρ
1488 1239 1667 1305 άνακ.
1749 1240 1836 1302 Cf.
1883 1258 1935 1300 c.
1986 1244 2083 1301 34.
2129 1240 2186 1299 Π
2232 1243 2287 1301 2.
2337 1245 2396 1299 4.

496 1364 548 1407 c.
578 1350 676 1406 33.
708 1341 964 1426 φράσον
1007 1395 1021 1408 .
1070 1395 1084 1408 .
1134 1393 1148 1407 .
1200 1339 1374 1419 ὅστις
1419 1366 1497 1406 τε
1542 1340 1637 1406 ὢν
1681 1347 1808 1405 καὶ
1854 1338 2032 1418 ὅπως
2077 1346 2265 1422 δεῦρο
2306 1339 2646 1423 εἰσῆλθεςῆ

709 1442 933 1522 ὅστις
979 1444 1086 1510 ὢν
1130 1442 1345 1521 ὅπως
1388 1445 1554 1505 det.
1601 1479 1683 1489 —
1728 1449 1835 1507 καὶ
1880 1441 2101 1520 λαβὼν
2146 1439 2310 1528 ἡμᾶς
2353 1438 2507 1523 ἦγεν
2551 1444 2644 1506 ἐπὶ

708 1545 825 1629 τὴν
871 1552 1082 1613 οἰκίαν
1119 1583 1201 1592 -
1231 1548 1573 1627 ἐπεποίητο
1621 1550 1685 1610 δὲ
1731 1541 2037 1627 αὐτάρκη,
2083 1551 2214 1609 καὶ
2261 1542 2644 1623 στιβάδας

711 1646 1288 1735 ἐνῳκοδόμητο
1333 1654 1485 1711 καὶ
1541 1645 1641 1711 τὰ
1687 1639 1915 1712 ἄλλα
1963 1643 2394 1729 ἐξήρτιστο
2437 1645 2457 1731 ΙΙ
2501 1652 2644 1726 [καὶ
2758 1692 2759 1717 2

710 1748 1007 1830 στιβάδ.
1056 1803 1069 1816 .
1106 1802 1119 1816 .
1156 1803 1168 1815 .
1204 1803 1218 1816 .
1271 1747 1722 1831 ἐξήρτιστο]
1768 1750 1921 1812 Satis
1958 1756 2085 1811 erat
2115 1770 2448 1832 enarrasse,
2497 1773 2645 1815 com·
2758 1776 2759 1835 j

710 1855 1106 1916 modissimam
1152 1872 1283 1914 eum
1318 1854 1433 1913 sibi
1463 1853 1882 1914 habitationem
1911 1852 2129 1914 fecisse
2161 1851 2516 1937 (αὐτάρκη),
2561 1859 2645 1918 sin

710 1959 1038 2017 accuratius
1072 1973 1371 2032 exponere
1402 1958 1461 2015 in
1494 1958 1687 2016 animo
1734 1961 1879 2035 erat,
1926 1957 2218 2032 quomodo
2264 1978 2395 2019 eam
2438 1962 2644 2022 instru-

707 2063 910 2139 xisset,
953 2079 1071 2121 non
1116 2061 1258 2119 satis
1305 2063 1433 2119 erat
1476 2059 1591 2119 hoc
1635 2060 1823 2119 solum
1868 2059 2120 2138 addere,
2167 2065 2405 2137 praeter
2447 2067 2647 2123 cetera

708 2163 894 2222 lectos
927 2180 1059 2222 eum
1102 2163 1469 2238 imposuisse.
1558 2161 1755 2221 Vitam
1800 2165 1996 2221 autem
2043 2179 2242 2223 eorum
2286 2166 2645 2242 simplicissi-

712 2284 864 2324 mam
910 2270 968 2325 et
1008 2265 1467 2342 frugalissimam
1512 2264 1695 2325 fuisse
1741 2265 1918 2341 paulo
1963 2269 2098 2342 post
2141 2284 2190 2327 c.
2226 2272 2303 2328 34
2337 2269 2650 2331 edocemur

711 2366 912 2427 verbis
944 2364 1135 2447 εὐνὴν
1166 2370 1230 2430 δὲ
1276 2363 1406 2430 άπὸ
1449 2375 1585 2430 τῶν
1630 2363 1903 2444 φύλλων
1946 2364 2323 2442 ποιούμεθα.
2403 2372 2650 2434 Accedit

713 2469 872 2545 quod
916 2467 1214 2545 στιβάδας
1259 2470 1818 2545 ἐνοικοδομεῖσθαι
1859 2488 1979 2530 non
2023 2473 2210 2548 magis
2255 2476 2393 2548 apte
2438 2475 2648 2537 dictum

715 2575 873 2630 esset
903 2589 1077 2646 quam
1122 2571 1302 2631 latine
1349 2576 1555 2649 ,strata
1597 2569 1953 2632 aedificare‘.
2030 2574 2236 2650 Itaque
2279 2576 2473 2636 solum
2517 2576 2648 2640 αὐ-

713 2669 909 2750 τάρκ
927 2696 963 2752 η
1007 2673 1394 2751 retinendum,
1439 2673 1671 2749 reliqua
1714 2675 2160 2734 exterminanda
2204 2694 2338 2738 esse
2381 2683 2541 2755 puto.

503 2792 556 2835 c.
578 2779 678 2834 34.
709 2770 863 2844 μετὰ
907 2771 1196 2851 παιδὸς
1241 2770 1320 2837 ὃν
1365 2771 1557 2853 ὁρᾶτε
1598 2772 1616 2855 ΙΙ
1658 2783 1803 2838 τοῦ
1849 2774 2131 2853 παιδὸς
2177 2777 2319 2840 Cob.
2367 2814 2445 2824 —
2495 2782 2647 2845 ἔνθα

715 2872 1100 2952 λουόμεθα
1142 2872 1161 2957 ΙΙ
1201 2885 1238 2940 λ
1258 2873 1528 2952 ου’μεθα
1574 2875 1718 2937 Oob.

502 2994 552 3038 c.
577 2980 677 3037 35.
709 2983 817 3039 καὶ
868 2974 946 3040 τὰ
989 2981 1106 3053 μὲν
1150 2974 1317 3041 ἄλλα
1375 2978 1529 3053 ἴσως
1572 2979 1789 3058 φέρειν
1847 2977 2309 3057 ἐδυνάμεθα
2354 2980 2373 3064 ΙΙ
2417 2982 2648 3048 δυνά·

491 3141 494 3144 A
710 3086 909 3155 μεθα
954 3076 1100 3139 «ΩΓ
1132 3080 1287 3142 unt.

501 3200 551 3243 c.
579 3187 677 3243 36.
709 3179 909 3258 ὑμᾶς
941 3187 1006 3246 δὲ
1029 3178 1150 3262 χρὴ
1196 3178 1360 3261 ὁρᾶν
1385 3179 1405 3263 ΙΙ
1435 3180 1631 3262 ἡμᾶς
1674 3181 1814 3244 Ddf.
1848 3182 1959 3242 Bk.
1991 3185 2099 3245 Mr.
2145 3219 2229 3229 —
2274 3184 2536 3265 αὺτούς
2581 3212 2647 3267 γε

715 3280 1163 3360 ὡπλισμένους
1204 3280 1224 3366 ΙΙ
1267 3308 1306 3346 α
1329 3280 1539 3359 ὐτούς
1582 3280 1651 3343 Ω
1695 3285 1998 3345 Mehler.

502 3404 552 3445 c.
581 3391 681 3446 37.
713 3382 1210 3449 κατόπισθεν
1232 3382 1249 3467 Η
1272 3382 1618 3449 κατόπιν
1650 3382 1795 3446 ΩΓ
1814 3387 1968 3448 unt.
1998 3421 2074 3431 -—
2101 3387 2189 3464 εἷς
2212 3396 2348 3453 καὶ
2373 3389 2404 3455 c‘,
2432 3397 2650 3472 κυβερ-

714 3484 904 3567 νάτης
946 3486 965 3570 ΙΙ
1008 3506 1118 3549 om.
1165 3510 1203 3549 κ
1219 3492 1295 3550 αὶ
1340 3486 1570 3549 Struve.

503 3607 554 3648 c.
582 3594 680 3651 40.
713 3585 925 3670 ὥσπερ
970 3597 1330 3670 τριηρῶν
1373 3586 1393 3670 ΙΙ
1437 3591 1560 3653 ἐπὶ
1617 3598 1900 3671 τριηρῶν
1945 3591 2193 3651 Mehler.
2249 3625 2336 3637 —-
2390 3616 2649 3656 πεντα-

715 3694 1045 3753 σταδιαῖον
1088 3685 1107 3770 ΙΙ
1150 3693 1707 3753 πεντεσταδιαῖον
1755 3691 1897 3751 Cob.

503 3810 552 3852 c.
580 3797 678 3850 41.
712 3789 1153 3871 άπερρίπτουν
1182 3789 1200 3870 ΙΙ
1231 3792 1659 3872 ἐπερρίπτουν
1685 3788 1760 3851 Ω
1788 3793 1943 3855 unt.
1967 3826 2050 3839 -—
2074 3810 2371 3874 κατεῖχον
2403 3792 2647 3877 αὐτὴν

713 3890 829 3972 τὴν
861 3899 1061 3972 νῆσον
1089 3890 1107 3971 ΙΙ
1139 3911 1261 3954 om.
1295 3891 1497 3973 αὗτὴν
1523 3889 1668 3953 ΩΓ
1688 3897 1855 3955 Mut.
1890 3930 1968 3939 —
2003 3896 2309 3975 ἔφευγον
2339 3893 2360 3980 Ι
2387 3898 2648 3976 ἔφυγον

714 3992 853 4052 Ddf.
898 3993 1010 4054 Bk.
1055 3995 1166 4055 Mr.
