2800 4500
1017 208 1466 262 ΔΗΜΩΝΑΚΤΟΣ
1502 210 1667 262 ΒΙΟΣ.
2297 212 2417 273 183

259 370 458 443 οὐδὲν
498 380 808 461 βελτίους
849 385 1166 464 γίνονται.
1255 384 1360 447 60.
1406 383 1541 446 τῶν
1586 376 1704 447 δὲε
1712 380 1982 467 Ομήρου
2027 389 2272 465 στίχων
2302 381 2522 450 &vasso

254 465 380 566 ᾖδε
423 479 740 564 μάλιστα,

331 578 630 648 κάτθαν’
683 579 869 667 ὁμῶς
911 574 949 649 ό
994 575 1060 648 τ’
1114 576 1354 669 ἀεργὸς
1399 576 1566 672 ανὴρ
1611 611 1647 650 ο
1692 604 1768 650 τε
1813 583 2034 650 πολλὰ
2082 583 2344 671 ἐοργώς.

255 688 364 751 61.
415 683 651 772 ἐπῄνει
692 685 769 751 δὲ
811 687 923 752 καὶ
967 682 1086 751 τὸν
1134 689 1464 773 Θερσίτην
1521 681 1612 763 ὥς
1655 685 1943 753 Κυνικόν
1997 711 2149 753 τινα
2204 687 2415 777 δημη-
2444 699 2519 754 61

254 785 481 872 γόρον.
570 792 673 853 62.
723 786 1090 876 ἐρωτηθεὶς
1135 787 1210 853 δέ
1238 812 1426 869 ποτε,
1472 793 1577 866 τίς
1608 780 1792 873 αὐτῷ
1821 781 2093 873 ἀρέσκοι
2132 793 2268 856 τῶν
2299 813 2418 878 φι-
2443 801 2519 857 62

259 889 599 978 λοσόφων,
647 887 797 978 ἔφη,
842 888 1150 970 ,,Πάντες
1179 888 1301 974 μὲν
1344 894 1770 974 θαυμαστοί,
1818 888 1943 976 ἐγὼ
1991 890 2064 957 δὲ
2100 891 2415 979 Σωκράτη

255 992 382 1075 μὲν
429 997 637 1078 σέβω,
695 990 1026 1076 θαυμάζω
1072 992 1146 1058 δὲ
1189 997 1474 1080 Διογένη
1519 995 1631 1059 καὶ
1675 994 1860 1081 φιλῶ
1898 987 2417 1079 Ἀρίστιππον.“

436 1098 539 1161 63.
578 1086 786 1179 Ἐβίω
831 1094 903 1160 δὲ
948 1091 1059 1182 ἔτη
1107 1087 1335 1179 ὀλίγου
1383 1094 1621 1160 δέοντα
1671 1097 1808 1161 τῶν
1864 1093 2097 1162 ἑκατὸν
2154 1092 2415 1180 ἄνοσος,
2442 1106 2522 1162 68

258 1190 541 1276 ἄλυπος,
589 1190 826 1263 οὐδένα
854 1194 1213 1284 ἐνοχλήσας
1254 1220 1322 1262 τι
1366 1182 1409 1284 ἢ
1451 1194 1751 1282 αἰτήσας,
1799 1198 2028 1285 φίλοις
2066 1197 2414 1288 χρήσιμος,

260 1295 512 1384 ἐχθρὸν
557 1290 794 1364 οὐδένα
838 1290 1284 1364 οὐδεπώποτε
1327 1295 1648 1384 ἐσχηκώς·
1693 1300 1802 1365 καὶ
1847 1301 2169 1366 τοσοῦτον
2200 1298 2418 1383 ἔρωτα

258 1398 453 1482 ἔσχον
501 1398 675 1486 πρὸς
720 1391 921 1466 αὖτὸν
962 1392 1324 1488 Ἀθηναῖοί
1356 1424 1432 1465 τε
1463 1392 1652 1466 αὐτοὶ
1684 1403 1796 1468 καὶ
1830 1393 2067 1468 ἅπασα
2095 1397 2135 1488 ἡ
2162 1397 2415 1484 Ἑλλάς,

259 1526 439 1569 ωστε
482 1500 801 1589 παριόντι
849 1497 1445 1579 ὑπεξανίστασθαι
1487 1500 1609 1583 μὲν
1653 1500 1808 1580 τοὺς
1852 1528 2207 1587 αρχοντας,
2255 1526 2418 1573 σιω-

259 1602 401 1693 πὴν
454 1603 527 1670 δὲ
581 1607 899 1691 γίνεσθαι
957 1600 1147 1689 παρὰ
1205 1601 1665 1670 πάντων.τὸ
1726 1604 2103 1673 τελευταῖον
2164 1605 2235 1672 δὲ
2293 1603 2417 1697 ἤδη

148 1704 652 1796 395ὖπέργηρως
696 1731 789 1771 ων
835 1701 1117 1795 άκλητος
1163 1703 1330 1783 εἰς
1300 1731 1383 1793 ην
1427 1704 1613 1789 τύχοι
1672 1705 1938 1791 παριών
1985 1706 2202 1776 οἰκίαν
2248 1708 2420 1778 ἐδεί-

257 1834 418 1876 πνει
475 1811 588 1875 καὶ
644 1805 1002 1890 ἐκάθευδε,
1059 1809 1192 1872 τῶν
1251 1805 1679 1876 ἐνοικούντων
1731 1812 1903 1875 θεοῦ
1960 1836 2112 1877 τινα
2165 1809 2419 1900 ἐπιφά-

260 1936 444 1979 νειαν
512 1906 889 1999 ἡγουμένων
954 1907 1030 1976 τὸ
1090 1912 1371 1996 πρᾶγμα
1426 1915 1541 1977 καί
1595 1936 1748 1978 τινα
1807 1904 2071 1997 ἀγαθὸν
2131 1913 2418 1998 δαίμονα

257 2014 771 2102 εἰσεληλυθέναι
817 2004 1045 2089 αὐτοῖς
1090 2008 1157 2089 ἐς
1199 2010 1319 2100 τὴν
1365 2012 1605 2080 οἰκίαν.
1694 2012 2031 2100 παριόντα
2076 2014 2149 2081 δὲ
2193 2015 2266 2081 αἱ
2298 2009 2418 2102 ἆρ-

254 2115 635 2192 τοπώλιδες
688 2107 1044 2180 ἀνθεῖλκον
1103 2113 1277 2201 πρὸς
1338 2110 1546 2194 αὖτὰς
1603 2114 1842 2204 ἑκάστη
1901 2109 2183 2193 ἀξιοῦσα
2241 2112 2410 2203 παρ’

257 2212 465 2308 αὗτῆς
511 2214 877 2302 λαμβάνειν
920 2218 1055 2283 τῶν
1103 2212 1354 2304 ἄρτων,
1413 2220 1525 2285 καὶ
1576 2220 1774 2286 τοῦτο
1832 2211 2135 2301 εὐτυχίαν
2180 2216 2416 2309 ἑαυτῆς

252 2320 292 2412 ἡ
343 2322 671 2389 δεδωκυῖα
715 2315 906 2406 ᾤετο.
987 2322 1098 2385 καὶ
1142 2318 1272 2409 μὴν
1317 2322 1427 2386 καὶ
1476 2320 1543 2387 οἱ
1586 2320 1828 2399 παῖδες
1856 2314 2134 2408 ὀπώρας
2162 2327 2414 2406 προσέ-

254 2449 465 2512 φερον
512 2417 693 2508 αὐτῷ
737 2425 1001 2504 πατέρα
1055 2419 1508 2506 ὀνομάζοντες.
1599 2427 1702 2490 64.
1749 2421 2047 2499 στάσεως
2104 2422 2176 2488 δέ
2232 2448 2403 2491 ποτε
2432 2430 2509 2486 64

253 2523 591 2614 Ἀθήνησι
634 2527 985 2612 γενομένης
1030 2523 1347 2609 εἰσῆλθεν
1406 2523 1473 2602 ἐς
1528 2523 1647 2611 τὴν
1708 2523 2053 2614 ἐκκλησίαν
2108 2527 2219 2592 καὶ
2278 2551 2412 2614 φα-

255 2630 394 2706 νεὶς
436 2627 647 2712 μόνον
693 2628 961 2693 σιωπᾶν
1007 2622 1324 2714 ἐποίησεν
1371 2619 1642 2704 αύτούς·
1690 2621 1725 2692 ὅ
1776 2626 1849 2692 δέ
1881 2624 2042 2693 ἰδὼν
2071 2621 2196 2717 ἤδη
2227 2652 2411 2710 μετε-

252 2730 594 2818 γνωκότας
640 2722 830 2795 οὐδὲν
877 2725 1088 2793 εἰπών
1129 2730 1240 2793 καὶ
1305 2720 1506 2805 αὐτὸς
1564 2721 1932 2817 ἀπηλλάγη.
2022 2734 2123 2797 65.
2170 2722 2283 2797 ὅτε
2340 2731 2414 2798 δὲ
2440 2738 2518 2794 65

255 2836 532 2922 συνῆκεν
579 2824 814 2898 οὐκέθ’
868 2828 1012 2906 οἰός
1053 2853 1126 2894 τε
1172 2818 1262 2895 ὢν
1310 2827 1492 2915 αύτῷ
1537 2828 1932 2917 ἐπικουρεῖν,
1981 2829 2194 2898 εἰπὼν
2239 2833 2415 2918 πρὸς

253 2934 413 3014 τοὺς
456 2932 807 3021 παρόντας
849 2930 969 2999 τὸν
1015 2926 1365 3019 ἐναγώνιον
1408 2934 1541 2997 τῶν
1584 2932 1877 3020 κηρύκων
1921 2931 2108 3000 πόδα

711 3032 936 3121 Λήγει
978 3033 1100 3118 μὲν
1148 3027 1326 3119 ἄγων
1369 3035 1505 3099 τῶν
1547 3035 1919 3101 καλλίστων

717 3130 951 3201 ὀέθλων
996 3141 1265 3218 ταμίας,
1311 3133 1544 3218 καιρὸς
1589 3135 1661 3201 δὲ
1703 3138 1896 3203 καλεῖ

713 3241 946 3325 μηκέτι
989 3238 1254 3321 μέλλειν

250 3344 367 3409 καὶ
414 3339 692 3407 πάντων
739 3333 1199 3424 ἀποσχόμενος
1244 3332 1519 3427 ἀπῆλθε
1569 3340 1688 3404 τοῦ
1743 3341 1896 3421 βίου
1955 3338 2244 3425 φαιδρὸς
2298 3342 2409 3407 καὶ

142 3443 404 3522 Βθθοῖος
451 3436 559 3510 dez
604 3455 748 3519 τοῖς
794 3440 1295 3528 ἐντυγχάνουσιν
1328 3438 1661 3528 ἐφαίνετο.
1750 3442 1850 3505 66.
1898 3430 2124 3525 ὀλίγον
2167 3440 2239 3506 δέ
2271 3441 2501 3528 πρὸθὸ

255 3550 379 3633 τῆς
421 3546 731 3629 τελευτῆς
776 3542 1089 3628 ερομένου
1134 3541 1346 3623 τινός,
1390 3544 1612 3664 ,,Περὶ
1654 3542 1874 3628 ταφῆς
1916 3547 1985 3608 τί
2027 3541 2397 3627 κελεύεις,·“

252 3647 427 3736 ,,Μὴ
451 3647 1098 3732 πολυπραγμονεῖτε,
1104 3648 1143 3677 “
1186 3643 1352 3763 ε’φη·
1383 3638 1613 3732 ,,ῆγὰρ
1637 3636 1810 3731 ὀδμή
1833 3667 1917 3726 με
1938 3643 2230 3730 θάψει.“
2276 3671 2410 3734 φα-

252 3754 460 3834 μένου
508 3748 582 3814 δὲ
627 3746 912 3828 εκείνου,
957 3752 1092 3828 ,,Τί
1136 3771 1287 3828 ουν,
1331 3738 1447 3811 οὐκ
1492 3743 1764 3831 αἰσχρὸν
1808 3737 2065 3831 ὀρνέοις
2107 3748 2218 3812 καὶ
2262 3751 2409 3816 κυσὶ

251 3851 466 3939 βορὰν
496 3838 941 3983 προτεθῆναι
984 3846 1371 3937 τηλικούτου
1431 3840 1673 3933 ἀνδρὸς
1719 3850 1948 3931 σῶμα,
1952 3852 1989 3880 “
2054 3850 2231 3929 ,,Καὶ
2279 3848 2408 3936 μὴν

257 3947 452 4021 οὐδὲν
488 3947 815 4032 ατοπον,“
846 3949 995 4039 ε’φη,
1026 3952 1287 4032 ,,τοῦτο,
1320 3948 1379 4015 εἰ
1410 3948 1629 4032 μέλλω
1659 3951 1772 4015 καὶ
1810 3942 2187 4015 αποθανων
2213 3948 2409 4036 ζῴοις
