2800 4500
432 280 506 336 16
1318 279 1689 334 ΛΟΥΚΙΑΝΟΥ

430 454 854 533 Παρθυαίων
884 486 965 497 --
998 463 1272 538 σημεῖον
1319 451 1391 515 δὲ
1425 449 1735 537 πλήθους
1778 452 1975 514 τοῦτο
2024 442 2281 527 αὐτοῖς·
2324 451 2591 531 χιλίους

428 546 553 633 γὰρ
601 545 791 633 οἶμαι
834 547 869 617 0‘
921 550 1179 636 δράκων
1225 547 1369 636 ὂὲγει
1414 591 1496 601 --
1534 550 1782 631 ζῶντας
1829 549 2191 632 δράκοντας
2234 555 2589 636 παμμεγέ-

430 655 584 729 θεις
641 648 812 718 εἶναι
867 657 1309 737 γεννωμένους
1367 652 1435 718 ἐν
1484 656 1564 740 τῇ
1611 653 1898 739 Περσίδι
1954 650 2189 737 μικρὸν
2246 648 2414 737 ὑπὲρ
2460 652 2589 737 τὴν

423 746 740 840 Ἰβηρίαν,
798 753 1073 832 τούτους
1118 755 1189 819 δὲ
1233 759 1399 831 τέως
1454 756 1575 838 μὲν
1635 754 1751 822 ἐπὶ
1808 758 2057 822 κοντῶν
2112 754 2417 840 μεγάλων
2475 753 2589 820 ἐκ·

432 854 818 937 δεδεμένους
874 852 1173 942 υψηλοις
1242 855 1651 980 αἰωρεῖσθαι
1706 860 1815 923 καὶ
1873 855 2238 943 πόρρωθεν
2295 855 2590 922 ἐπελαυ-

433 954 680 1021 νόντων
727 956 877 1032 δέος
922 955 1246 1039 ἐμποιεῖν,
1294 956 1361 1023 έν
1408 953 1589 1043 αὐτῷ
1621 958 1693 1024 δὲ
1729 962 1827 1044 τῷ
1872 958 2041 1046 ε’ργῳ
2089 955 2365 1027 ἐπειδὰν
2411 953 2592 1040 ὁμοῦ

434 1041 590 1137 αἷσι,
653 1056 967 1135 λύσαντες
1025 1084 1261 1136 αυτους
1317 1059 1658 1148 ἐπαφιᾶσι
1708 1073 1849 1140 τοῖς
1906 1063 2289 1144 πολεμίοις·
2351 1053 2590 1141 άμέλει

433 1155 727 1234 πολλους
782 1163 912 1226 τῶν
970 1156 1302 1247 ἡμετέρων
1371 1155 1544 1227 ούτω
1610 1167 2088 1249 καταποθῆναι
2144 1165 2256 1229 καὶ
2317 1156 2587 1238 άλλους

433 1266 1106 1346 περισπειραθέντων
1165 1256 1421 1345 αὐτοῖς,
1465 1258 1938 1389 ἀποπνιγῆναι
1997 1267 2106 1330 καὶ
2161 1264 2588 1348 συγκλασθῆ-

436 1382 573 1427 ναι·
634 1365 844 1428 ταῦτα
889 1363 961 1429 δε
1007 1362 1305 1451 ἐφεστώς
1362 1361 1529 1452 ορᾶν
1587 1360 1817 1446 αυτός,
1878 1366 1946 1432 ἐν
2006 1359 2332 1452 ἀσφαλεῖ·
2352 1369 2586 1447 μέντοι
2617 1381 2685 1431 40

437 1458 573 1527 ἀπὸ
624 1463 895 1548 δένδρου
940 1460 1203 1552 υψηλοῦ
1255 1467 1660 1550 ποιούμενος
1703 1467 1822 1556 τὴν
1870 1467 2145 1555 σκοπήν.
2236 1469 2343 1532 καὶ
2394 1463 2463 1531 εὖ
2513 1490 2590 1550 γε
2775 1468 2776 1473 ’

437 1561 715 1651 ἐποίησε
742 1566 832 1654 μὴ
865 1561 1075 1648 ὁμόσε
1099 1567 1403 1656 χωρήσας
1439 1582 1582 1647 τοῖς
1610 1574 1900 1657 θηρίοις,
1950 1566 2101 1636 ἐπεὶ
2135 1561 2250 1634 οὐκ
2282 1594 2362 1633 αν
2391 1563 2589 1652 ἡμεῖς

435 1666 834 1749 θαυμαστὸν
880 1661 1053 1734 ου’τω
1100 1674 1483 1757 συγγραφέα
1541 1674 1653 1737 νῦν
1712 1670 1971 1754 ε’ίχομεν
2015 1673 2128 1737 καὶ
2174 1663 2312 1737 άπὸ
2356 1667 2588 1753 χειρὸς

438 1760 641 1834 αὐτόν
684 1769 939 1854 μεγάλα
981 1775 1094 1837 καὶ
1140 1770 1416 1859 λαμπρὰ
1464 1770 1531 1838 ἐν
1573 1776 1671 1858 τῷ
1716 1773 1992 1857 πολέμῳ
2037 1771 2251 1858 τούτῳ
2299 1770 2586 1857 ἐργασά-

436 1889 666 1952 μενον·
712 1875 824 1938 καὶ
865 1871 990 1958 γὰρ
1037 1871 1445 1939 ἐκινδύνευσε
1490 1872 1708 1940 πολλὰ
1752 1875 1864 1939 καὶ
1912 1872 2177 1962 ἐτρώθη
2225 1875 2385 1959 περὶ
2416 1875 2589 1938 Σοῦ-

436 1996 576 2057 ραν,
625 1966 761 2039 ἆπὸ
808 1976 926 2039 τοῦ
971 1980 1300 2060 Κρανείου
1347 1975 1546 2063 δῆλον
1591 1974 1699 2042 ὅτι
1739 1974 2031 2059 βαδίζων
2077 1974 2191 2042 ἐπὶ
2236 1973 2354 2062 τὴν
2399 1979 2591 2059 Λέρ-

437 2098 575 2140 ναν.
662 2078 772 2142 καὶ
830 2079 1039 2142 ταῦτα
1085 2081 1476 2158 Κορινθίων
1535 2070 1909 2143 ἀκουόντων
1973 2071 2407 2163 ἀνεγίγνωσκε
2451 2079 2590 2141 τῶν

440 2168 728 2263 ἀκριβῶς
773 2176 1069 2260 εἰδότων,
1115 2170 1223 2246 ὅτι
1266 2178 1435 2266 μηδὲ
1477 2176 1644 2243 κατὰ
1691 2185 1917 2261 τοίχου
1961 2181 2410 2265 γεγραμμένον
2454 2176 2589 2244 πό-

440 2283 637 2364 λεμον
681 2278 979 2367 ἑωράκει.
1064 2274 1214 2347 ἀλλ’
1267 2274 1421 2346 οὐδὲ
1466 2273 1646 2346 ὅπλα
1693 2279 1938 2358 ἐκεῖνός
1966 2305 2038 2366 γε
2069 2276 2215 2367 ᾔδει
2262 2273 2414 2347 οὐδὲ
2457 2306 2589 2368 μη-

435 2381 781 2468 χανήματα
840 2381 950 2448 οἶά
1012 2381 1190 2449 ἔστιν
1250 2376 1403 2448 οὐδὲ
1467 2381 1720 2459 τάξεων
1775 2372 1818 2469 ἢ
1872 2384 2375 2465 καταλοχισμῶν
2432 2376 2591 2449 ὀνό-

440 2503 653 2567 ματα·
701 2484 881 2551 πάνυ
911 2488 1066 2570 γοῦν
1098 2483 1325 2567 ἔμελεν
1373 2478 1554 2569 αὐτῷ
1600 2485 1892 2567 πλαγίαν
1935 2483 2054 2566 μὲν
2083 2482 2204 2571 τὴν
2235 2482 2348 2550 ἐπὶ
2381 2488 2593 2565 κέρως
2779 2553 2781 2576 ἱ

443 2579 781 2671 φάλαγγα,
852 2586 968 2653 ἐπὶ
1023 2590 1226 2672 κέρως
1284 2586 1355 2651 δὲ
1415 2587 1625 2670 λέγειν
1679 2584 1755 2650 τὸ
1817 2584 1934 2651 έπὶ
1997 2584 2313 2668 μετώπου
2381 2582 2590 2671 ἄγειν.
2623 2613 2685 2663 41
2759 2639 2781 2656 .-

349 2704 427 2758 30
448 2692 547 2754 30.
597 2686 691 2766 εἷς
722 2687 795 2753 δέ
827 2713 931 2765 τις
973 2690 1321 2770 βέλτιστος
1368 2681 1638 2753 ἅπαντα
1685 2686 1758 2765 ἐξ
1799 2680 1998 2771 ἀρχῆς
2029 2686 2096 2763 ές
2123 2689 2313 2764 τέλος
2343 2686 2425 2753 τὰ
2460 2713 2592 2753 πε·-

442 2794 808 2874 πραγμένα,
856 2782 984 2855 ὅσα
1029 2788 1096 2855 ἐν
1135 2784 1473 2877 Ἀρμενίᾳ,
1521 2783 1649 2855 ὅσα
1693 2788 1759 2855 ἓν
1805 2794 2032 2875 Συρίᾳ,
2079 2780 2207 2853 ὅσα
2253 2787 2319 2853 έν
2351 2794 2593 2855 Μεσο-

442 2896 769 2977 ποταμίᾳ,
814 2890 896 2955 τὰ
946 2889 1062 2958 ἐπὶ
1104 2895 1201 2977 τῷ
1240 2897 1533 2977 Τίγρητι,
1578 2888 1662 2955 τὰ
1709 2888 1776 2955 ἐν
1812 2889 2073 2976 Μηδίᾳ,
2121 2896 2595 2969 πεντακοσίοις

444 2986 586 3059 οὐδ’
639 2985 872 3068 όλοις’
853 2990 1047 3059 έπεσι
1079 2991 1465 3076 περιλαβων
1497 2994 1872 3074 συνεθλιψε
1912 2994 2022 3059 καὶ
2052 2995 2249 3057 τοῦτο
2296 2991 2596 3077 ποιήσας

445 3094 747 3178 ἱστορίαν
795 3099 1314 3181 συγγεγραφέναι
1361 3100 1549 3180 φησί.
1623 3091 1742 3181 τὴν
1772 3091 2063 3174 μέντοι’
2034 3092 2413 3181 επιγραφὴν
2443 3087 2592 3161 ὀλί-

441 3222 559 3282 γου
592 3197 729 3263 δεῖν
759 3201 1169 3282 μακροτέραν
1199 3198 1319 3261 τοῦ
1346 3196 1612 3280 βιβλίου
1650 3193 2047 3281 ἐπέγραψεν,
2093 3189 2594 3277 ,,Ἀντιοχιανοῦ

442 3302 560 3364 τοῦ
597 3294 1031 3376 ’Λπόλλωνος
1077 3299 1448 3385 ιερονίκου“
1493 3335 1573 3343 --
1620 3296 1882 3378 δόλιχον
1932 3294 2057 3381 γάρ
2103 3320 2237 3362 που
2285 3293 2474 3379 οἶμαι
2525 3297 2596 3364 ἓν
2687 3299 2690 3304 ’

447 3404 648 3467 παισὶ
681 3399 1033 3488 ἐνενικήκει
1057 3439 1136 3447 -
1160 3400 1391 3481 ,,τιῦν’
1363 3424 1432 3465 εν
1453 3394 1775 3486 Ἀρμενίᾳ
1803 3400 1912 3463 καὶ
1940 3402 2449 3486 Μεσοποταμίᾳ
2478 3404 2590 3466 καὶ

351 3503 516 3570 31έν
546 3503 788 3590 Μηδίᾳ
834 3506 945 3568 νῦν
982 3498 1329 3584 Ῥωμαίοις
1373 3505 1815 3589 πραχθέντων
1859 3492 2255 3586 ἀφήγησιςίζ.
2332 3505 2432 3567 31.
2465 3496 2594 3588 ἤδη

448 3599 510 3671 δ’
565 3603 688 3690 ἐγώ
735 3629 917 3681 τινος
946 3606 1058 3669 καὶ
1101 3600 1184 3667 τὰ
1216 3604 1543 3686 μέλλοντα
1589 3601 2121 3687 συγγεγραφότος
2168 3597 2433 3686 ἤκουσα,
2480 3608 2596 3670 καὶ

444 3705 564 3793 τὴν
612 3708 818 3790 λῆψιν
861 3704 982 3794 τὴν
1037 3698 1493 3790 Οὗολογέσσου
1536 3706 1645 3780 καὶ
1690 3701 1810 3791 τὴν
1846 3696 2126 3787 Ὀσρόου
2174 3702 2453 3790 σφαγήν,
2503 3700 2598 3782 ὡς

446 3807 1055 3894 παραβληθήσεται
1099 3810 1193 3892 τῷ
1241 3809 1488 3886 λέοντι,
1544 3808 1654 3872 καὶ
1703 3803 1818 3871 ἐπὶ
1863 3808 2038 3870 πᾶσι
2090 3801 2208 3870 τὸν
2252 3802 2597 3891 τριπόθη-

445 3936 560 3977 τον
602 3906 762 3998 ἡμῑν
806 3914 1167 3994 θρίαμβον.
1261 3901 1434 3974 οὕτω
1488 3911 1819 3990 μαντικῶς
1878 3899 2018 3989 ἅμα
2066 3908 2227 3988 ἔχων
2274 3903 2597 3971 ἔσπευδεν
2626 3936 2695 3988 42

446 4009 570 4103 ἤδη
603 4011 777 4101 πρὸς
805 4012 880 4078 τό
914 4014 1104 4089 τέλος
1133 4013 1250 4099 τῆς
1292 4015 1571 4098 γραφῆς.
1649 4005 1816 4075 ἀλλὰ
1862 4011 1976 4074 καὶ
2020 4007 2222 4075 πόλιν
2250 4002 2374 4095 ἤδη
2410 4006 2478 4073 ἐν
2507 4012 2623 4097 τῇ·
