2800 4500
465 242 545 299 50
1358 241 1733 295 ΛΟΥΚΙΑΝΟΥ
2750 252 2752 337 ¹

379 420 452 473 10
472 414 614 501 [τὸν
659 411 1037 500 πρότερον].
1133 419 1230 480 10.
1277 418 1587 498 τέταρτοι
1619 411 1691 478 δὲ
1720 408 1913 497 ἡμεῖς
1943 409 2456 496 προσήχθημεν·
2505 411 2620 474 καὶ

460 513 495 583 ὅ
544 519 664 600 μὲν
709 514 904 607 ἤρετο
952 524 1020 583 τί
1064 515 1412 593 παθόντες
1474 515 1572 582 ἔτι
1631 514 1865 594 ζῶντες
1925 515 2102 598 ἱεροῦ
2153 519 2402 597 χωρίου
2462 508 2621 577 ἐπι-

455 626 770 708 βαίημεν·
838 616 1026 707 ἡμεῖς
1085 619 1156 684 δὲ
1211 617 1438 684 πάντα
1496 616 1645 702 ἑξῆς
1704 616 2188 704 διηγησάμεθα.
2290 607 2489 689 οὗτος
2544 613 2620 678 δὲ

455 723 1040 811 μεταστησάμενος
1083 717 1259 810 ἡμᾶς
1304 718 1470 809 [ἐπὶ]
1531 718 1743 786 πολὺν
1793 719 2029 803 χρόνον
2087 717 2442 784 ἐσκέπτετο
2502 718 2620 782 καὶ

454 839 596 903 τοῖς
644 825 985 910 συνέδροις
1031 823 1365 890 ἐκοινοῦτο
1413 825 1654 909 περὶη
1616 819 1823 906 ἡμῶν.
1918 814 2310 907 συνήδρευον
2369 819 2444 883 δὲ
2493 812 2618 883 αλ-

453 929 560 993 λοι
604 953 677 994 τε
721 929 966 994 πολλοὶ
1012 929 1123 993 καὶ
1147 921 1568 1013 Ἀριστείδης
1615 921 1648 991 ό
1700 925 1957 1003 δίκαιος
2002 921 2036 989 ὁ
2066 918 2453 1010 Ἀθηναῖος.
2522 917 2618 999 ὦς

452 1029 524 1095 δὲ
571 1029 793 1108 ἔδοξεν
842 1024 1054 1115 αυτῴ,
1118 1024 1544 1118 ἀπεφήνατο,
1605 1032 1722 1116 τῆς
1779 1027 1900 1112 μὲν
1954 1022 2617 1112 πολυπραγμοσύνης

447 1133 559 1197 καὶ
603 1135 721 1218 τῆς
766 1125 1172 1219 ἀποδημίας,
1220 1130 1500 1198 ἐπειδὰν
1545 1123 2029 1212 άποθάνωμεν,
2079 1128 2311 1195 δοῦναι
2346 1126 2471 1204 τὰς
2507 1122 2615 1192 εύ-

448 1233 682 1314 θύνας,
726 1233 801 1300 τὸ
852 1234 925 1299 δὲ
971 1237 1082 1299 νῦν
1130 1232 1329 1322 ῥητὸν
1368 1233 1608 1318 χρόνον
1652 1238 2008 1316 μείναντας
2056 1229 2122 1297 ἐν
2152 1234 2232 1318 τῇ
2266 1230 2447 1314 νήσῳ
2495 1232 2612 1296 καὶ

447 1335 1044 1425 συνδιαιτηθέντας
1109 1350 1253 1413 τοῖς
1317 1328 1570 1424 ἥρωσιν
1639 1329 1992 1400 ἀπελθεῖν.
2094 1332 2282 1411 ἔταξε
2350 1332 2425 1397 δὲ
2491 1335 2612 1398 καὶ

445 1435 565 1523 τὴν
611 1444 1046 1523 προθεσμίαν
1103 1442 1221 1523 τῆς
1277 1436 1643 1525 ἐπιδημίας
1700 1436 1789 1523 μὴ
1851 1438 2056 1503 πλέον
2114 1438 2338 1523 μηνῶν
2397 1434 2608 1502 ἑπτά.

356 1546 543 1607 1111.
601 1536 1001 1608 τούντεῦθεν
1059 1535 1454 1607 αὐτομάτων
1517 1536 1676 1625 ἡμῖν
1742 1565 1875 1607 των
1942 1538 2291 1627 στεφάνων
2357 1558 2699 1623 περιρ-ιιι

439 1647 724 1727 ρυέντων
771 1643 1146 1727 ἐλελύμεθα
1190 1646 1302 1710 καὶ
1349 1643 1415 1721 ἐς
1460 1642 1578 1731 τὴν
1624 1643 1827 1710 πόλιν
1878 1636 2186 1762 ἠγόμεθα
2241 1643 2350 1707 καὶ
2401 1640 2469 1718 ἐς
2520 1640 2602 1708 τὸ

434 1748 568 1810 τῶν
613 1745 963 1831 Μακάρων
1010 1745 1409 1829 συμπόσιον.
1505 1739 1666 1835 αὐτὴ
1713 1770 1833 1827 μεν
1879 1770 1994 1811 ουν
2036 1741 2076 1831 ἡ
2140 1744 2340 1821 πόλις
2399 1746 2605 1809 πᾶσα

428 1850 668 1972 χρυσῆ,
727 1847 802 1913 τὸ
867 1848 939 1914 δὲ
995 1862 1211 1929 τεῖχος
1268 1853 1644 1931 περίκειται
1702 1846 2183 1932 σμαράγδινον·
2243 1844 2458 1913 πύλαι
2526 1847 2604 1911 δέ

434 1947 605 2015 εισιν
665 1948 872 2030 επτά,
941 1953 1162 2016 πᾶσαι
1220 1949 1577 2033 μονόξυλοι
1633 1949 2146 2033 κινναμώμινοι·
2212 1947 2287 2015 τὸ
2355 1953 2602 2031 μέντοι

433 2049 687 2137 ἔδαφος
730 2053 849 2139 τῆς
885 2050 1154 2128 πόλεως
1183 2054 1289 2118 καὶ
1324 2048 1363 2139 ἡ
1397 2050 1586 2129 ἐντὸς
1614 2055 1735 2117 τοῦ
1765 2057 2023 2134 τείχους
2051 2054 2133 2139 γῆ
2165 2050 2595 2138 ἐλεφαντίνη,

431 2156 581 2219 ναοὶ
649 2153 721 2219 δὲ
796 2149 1071 2220 πάντων
1137 2157 1320 2219 θεῶν
1385 2154 1712 2240 βηρύλλου
1781 2154 1982 2219 λίθου
2050 2147 2597 2242 ᾠκοδομημένοι·

426 2260 535 2324 καὶ
580 2260 800 2341 βωμοὶ
848 2257 914 2325 ἐν
962 2251 1189 2336 αὐτοῖς
1220 2263 1526 2343 μέγιστοι
1556 2258 1920 2340 μονόλιθοι
1953 2252 2418 2341 ἀμεθύστινοι,
2466 2250 2586 2343 ἐφ’

426 2351 519 2424 ὦν
564 2364 842 2427 ποιοῦσι
885 2360 1008 2439 τὰς
1052 2360 1444 2444 ἑκατόμβας.
1534 2362 1690 2446 περὶ
1741 2360 1812 2425 δὲ
1846 2357 1966 2448 τὴν
1995 2360 2200 2427 πόλιν
2232 2361 2336 2446 ῥεῖ
2361 2384 2596 2426 ποτα-

420 2460 548 2542 μὸς
591 2463 801 2545 μύρου
845 2467 965 2528 τοῦ
1006 2465 1367 2529 καλλίστου
1413 2462 1488 2530 τὸ
1536 2462 1795 2541 πλάτος
1840 2462 2104 2549 πήχεων
2162 2461 2395 2529 ἑκατὸν
2452 2468 2593 2545 βα-

422 2565 714 2645 σιλικῶν,
758 2564 982 2647 βάθος
1029 2565 1100 2629 δὲ
1147 2564 1578 2646 πεντήκοντα,
1627 2557 1798 2631 ὥστε
1842 2579 1977 2632 νεῖν
2008 2559 2331 2650 εὐμαρῶς.
2423 2567 2590 2631 λου-

418 2663 544 2748 τρὰ
623 2660 685 2731 δ’
764 2660 990 2744 αὗτοῖς
1059 2668 1233 2734 οἴκοι
1297 2667 1578 2752 μεγάλοι
1642 2663 1937 2748 ῦάλινοι,
2013 2671 2110 2753 τῷ
2170 2668 2592 2754 κινναμώμῳ

419 2765 869 2852 ἐγκαιόμενοι·
931 2762 1084 2835 άντὶ
1128 2775 1359 2853 μέντοι
1402 2762 1646 2848 ὕδατος
1692 2768 1759 2835 ἐν
1803 2783 1953 2848 ταῖς
1998 2772 2274 2848 πυέλοις
2331 2769 2588 2853 δρόσος

327 2870 636 2958 12θερμή
685 2869 885 2937 ἐστιν.
980 2877 1076 2938 12.
1126 2871 1367 2960 ἐσθῆτι
1414 2873 1485 2939 δὲ
1525 2876 1818 2956 χρῶνται
1877 2865 2218 2957 ἀραχνίοις
2276 2874 2586 2952 λεπτοῖς,

417 2986 817 3060 πορφυροῖς.
920 2967 1109 3040 αὐτοὶ
1177 2975 1248 3041 δὲ
1318 2974 1601 3058 σώματα
1665 2975 1786 3058 μὲν
1855 3001 1969 3042 ουκ
2037 2976 2329 3057 ε’χουσιν,
2399 2970 2582 3042 ἀλλὰ

413 3075 769 3163 διαφανεῖς
845 3078 955 3141 καὶ
1029 3072 1313 3157 ἄσαρκοί
1382 3077 1547 3156 εἶσι,
1627 3080 1895 3166 μορφῆς
1964 3077 2035 3144 δὲ
2108 3077 2291 3144 ιδέαν
2358 3078 2582 3168 μόνην

410 3176 664 3260 [έχουσι
742 3174 877 3264 καὶ]
959 3174 1393 3265 ἐμφαίνουσι,
1482 3180 1592 3244 καὶ
1676 3171 2026 3262 ἀσώματοι
2112 3175 2299 3257 ὄντες
2384 3172 2582 3263 όμως

411 3302 768 3346 συνεστασι
811 3282 925 3347 καὶ
968 3283 1304 3347 κινοῦνται
1347 3283 1458 3347 καὶ
1507 3284 1833 3368 φρονοῦσι
1876 3285 1986 3348 καὶ
2034 3281 2263 3369 φωνὴν
2294 3275 2576 3370 άφιασι,

404 3384 517 3448 καὶ
565 3374 739 3460 όλως
782 3380 956 3448 ἔοικε
1000 3381 1207 3472 γυμνή
1253 3408 1357 3461 τις
1398 3409 1438 3470 η
1486 3380 1667 3472 ψυχὴ
1714 3377 1932 3449 αὐτῶν
1989 3387 2389 3470 περιπολεῖν
2446 3386 2574 3474 τὴν

402 3487 524 3549 τοῦ
571 3483 880 3567 σώματος
924 3480 1292 3573 ὁμοιότητα
1335 3490 1796 3574 περικειμένη·
1859 3485 1919 3551 εἷ
1961 3490 2118 3572 γοῦν
2160 3484 2250 3571 μὴ
2300 3479 2569 3572 ἅψαιτό

400 3611 524 3666 τις,
573 3579 687 3651 οὐκ
746 3576 826 3653 ὃν
886 3585 1166 3673 ἐλέγξειε
1223 3586 1311 3674 μὴ
1373 3583 1548 3654 εἶναι
1608 3592 1801 3672 σῶμα
1857 3587 1931 3654 τὸ
1991 3585 2364 3672 ὁρώμενον·
2431 3590 2677 3663 einim

398 3688 524 3778 γὰρ
571 3682 801 3772 ὥσπερ
849 3691 1028 3757 σκιαὶ
1069 3682 1410 3775 όρθαίᾶ),
1460 3683 1534 3756 οῦ
1566 3693 1901 3773 μέλαιναι.
1990 3692 2303 3778 γηράσκει
2339 3692 2413 3758 δὲ
2446 3689 2568 3759 οῦ-

399 3795 569 3874 δείς,
631 3785 782 3857 ἀλλ’
848 3785 958 3879 ἐφ’
1024 3786 1101 3881 ἦς
1156 3782 1236 3859 ὂν
1294 3788 1559 3878 ἡλικίας
1606 3793 1773 3880 ἔλθῃ
1822 3799 2211 3878 παραμένει.
2304 3788 2379 3860 ού
2426 3796 2566 3884 μὴν

396 3889 549 3960 οῦδὲ
597 3891 714 3970 νὺξ
755 3889 924 3977 παρ’
980 3889 1206 3972 αὐτοῖς
1248 3899 1523 3979 γίνεται,
1573 3888 1724 3961 οὐδὲ
1769 3891 1982 3981 ἡμέρα
2027 3894 2207 3962 πάνυ
2240 3898 2560 3983 λαμπρά·

394 3996 715 4081 καθάπερ
758 3994 882 4080 γὰρ
928 3993 1002 4059 τὸ
1055 3995 1365 4081 λυκαυγὲς
1409 3991 1533 4081 ἤδη
1580 3995 1753 4080 πρὸς
1799 3996 1886 4062 ἕω
1943 3997 2226 4084 μηδέπω
2287 3992 2564 4067 άνατεί-
