2800 4500
1104 256 1466 310 ErNorxoz.
2234 253 2354 311 165

227 432 393 495 σθαί
433 451 605 493 ποτε
650 418 991 510 άνδρείας,
1048 428 1282 493 τοῦτον
1330 424 1404 490 δὲ
1462 421 1534 501 ἐξ
1587 416 1788 511 ἀρχῆς
1845 416 2051 499 εὐθὺς
2109 415 2358 489 άποκε-

222 528 474 615 κόφθαι
530 531 641 594 καὶ
699 519 1080 614 άμφίβολόν
1137 552 1206 592 τι
1265 524 1435 611 ζῴον
1494 521 1668 592 εἶναι
1721 522 1887 589 κατὰ
1945 518 2154 589 ταύτὰ
2208 536 2359 601 ταῖς

222 628 556 714 κορώναις,
600 631 674 694 αἳ
714 627 882 713 μήτε
924 640 1355 714 περιστεραῖς
1396 625 1566 715 μήτε
1609 624 1878 712 κόραξιν
1924 622 2357 707 ἐναριθμοῖν-

220 757 291 797 το
320 726 399 797 ἅν
430 769 518 777 -
562 738 622 799 9.
648 733 767 798 τοῦ
799 729 872 796 δὲ
903 723 978 796 οὗ
1010 728 1391 815 σωματικὴν
1425 729 1729 814 λέγοντος
1760 723 1934 793 εἶναι
1961 725 2082 815 τὴν
2111 732 2349 813 κρίσιν,
2385 738 2425 793 9

221 827 380 898 ἀλλὰ
424 836 546 920 τῆς
589 835 805 921 ψυχῆς
847 834 961 899 καὶ
1001 835 1121 919 τῆς
1160 831 1425 919 γνώμης
1470 831 1769 910 ἐξέτασιν
1823 827 1963 895 δεῖν
2003 834 2359 914 γίγνεσθαι

222 937 325 1001 καὶ
368 938 487 1024 τῆς
537 938 670 1001 τῶν
727 934 1075 1020 δογμάτων
1134 933 1525 1022 ἐπιστήμης.
1614 925 1757 1000 εἶθ’
1817 927 1853 999 5
1892 923 2361 1020 Ἀριστοτέλης

222 1036 507 1104 ἐκαλεῖτο
552 1035 807 1123 μάρτυς
848 1039 969 1103 τοῦ
1015 1035 1211 1122 λόγου
1257 1034 1354 1113 εἷς
1394 1031 1776 1123 ὖπερβολὴν
1819 1033 2183 1119 θαυμάσας
2206 1030 2358 1120 Ἕρ-

219 1145 404 1221 μείαν
448 1137 570 1206 τόν
616 1132 920 1221 εὖνοῦχον
963 1136 1080 1205 τὸν
1126 1137 1195 1205 ἐκ
1236 1141 1355 1205 τοῦ
1394 1132 1770 1226 Ἀταρνέως
1831 1138 2148 1223 τύραννον
2207 1132 2358 1223 ἄχρι

219 1243 328 1307 τοῦ
367 1243 482 1308 καὶ
526 1239 726 1309 θύειν
771 1234 954 1326 αὐτῷ
997 1238 1165 1307 κατὰ
1209 1233 1421 1307 ταύτὰ
1467 1253 1610 1318 τοῖς
1651 1246 1865 1319 θεοῖς.
1954 1246 2067 1307 καί
2124 1265 2190 1308 τι
2246 1241 2358 1306 καὶ

220 1339 458 1427 ἐτόλμα
505 1347 959 1430 προστιθέναι
1004 1337 1040 1410 5
1073 1341 1358 1428 Βαγώας
1399 1345 1726 1424 τοιοῦτον,
1773 1339 1865 1421 ιῦς
1904 1340 2078 1409 πολὺ
2126 1341 2358 1429 ἐπιτη-

222 1440 547 1533 δειότερος
588 1458 733 1523 τοῖς
776 1448 952 1523 νέοις
1009 1437 1313 1527 εὐνοῦχος
1370 1438 1771 1523 διδάσκαλος
1831 1440 1984 1512 οὐδὲ
2042 1442 2359 1532 διαβολήν

218 1572 359 1613 τινα
425 1545 605 1636 πρὸς
673 1540 913 1625 αὐτοὺς
979 1545 1382 1625 ἐνδέξασθαι
1452 1547 1812 1632 δυνάμενος
1878 1541 2031 1615 οὐδὲ
2095 1544 2171 1613 τὸ
2240 1548 2360 1612 τοῦ

218 1651 605 1735 Σωκράτους
670 1649 880 1717 ἐκεῖνο
947 1649 1235 1739 ἔγκλημα
1300 1655 1560 1718 παθεῖν
1625 1640 1709 1717 ἂν
1776 1646 1868 1729 ὥς
1935 1651 2361 1739 διαφθείρων

215 1749 292 1816 τὰ
318 1752 660 1835 μειράκια.
726 1752 876 1819 ἐπεὶ
908 1752 981 1819 δὲ
1011 1755 1123 1819 καὶ
1154 1752 1220 1831 ἐς
1249 1751 1325 1819 τὸ
1361 1746 1659 1838 ἀγένειον
1688 1752 1982 1837 μάλιστα
2014 1750 2359 1839 ἐσκώφθη,

215 1858 575 1937 χαριέντως
616 1857 845 1935 τοῦτο,
904 1849 997 1932 ὥς
1037 1857 1195 1940 γοῦν
1239 1848 1442 1940 ᾤετο,
1503 1859 1994 1941 προσέρριψεν·
2054 1852 2182 1936 „Et
2234 1850 2361 1938 γὰρ

134 1950 347 2023 assam>
379 1955 770 2043 πώγωνος“,
817 1955 966 2045 ἐ’φη,
1011 1961 1309 2041 ,βαθέος
1338 1963 1695 2041 κρίνεσθαι
1725 1957 1868 2024 δέοι
1895 1955 2048 2035 τοὺς
2079 1958 2362 2044 φιλοσο-

219 2063 540 2145 φοῦντας,
597 2058 716 2125 τὸν
770 2058 1013 2146 τράγον
1072 2049 1152 2126 ὃν
1210 2059 1624 2144 δικαιότερον
1682 2063 2139 2147 προκριθῆναι
2183 2057 2358 2124 πάν·-

216 2166 405 2230 των.“
466 2170 572 2230 10.
604 2161 672 2228 ἐν
700 2161 918 2250 τούτῳ
948 2168 1173 2251 τρίτος
1205 2158 1405 2241 ἄλλος
1435 2162 1789 2251 παρεστώς
1823 2200 1900 2210 -
1932 2162 2007 2228 τὸ
2042 2161 2114 2227 δὲ
2146 2156 2360 2243 ὄνομα
2388 2174 2462 2230 10

218 2264 281 2331 ἐν
309 2267 566 2354 α’φανεῑ
588 2270 846 2333 κείσθω
876 2304 960 2313 -
987 2270 1168 2348 ,,Καὶ
1198 2265 1393 2354 μήν,“
1439 2265 1588 2355 ἔφη,
1633 2251 1731 2348 ,,αῗ
1765 2261 1998 2349 ἄνδρες
2029 2264 2358 2344 δικασταί,

218 2364 438 2436 οὖτοσὶ
498 2364 537 2435 5
594 2366 716 2446 τὰς
769 2367 1067 2454 γνάθους
1117 2369 1295 2446 λεῖος
1349 2372 1463 2436 καὶ
1519 2367 1595 2436 τὸ
1658 2368 1943 2456 φώνημα
1994 2381 2362 2454 γυναικεῖος

216 2472 317 2536 καὶ
346 2468 429 2536 τὰ
467 2465 642 2536 ἄλλα
674 2463 955 2556 εὐνούχῳ
987 2468 1222 2548 ἐοικώς
1255 2469 1313 2537 εἰ
1347 2464 1789 2551 ἀποδύσαιτο,
1835 2468 2014 2537 πάνυ
2060 2463 2362 2556 ἀνδρεῖος

215 2571 359 2656 ὑμῖν
404 2586 747 2660 φανεῖται,
802 2571 868 2639 εἴ
904 2596 979 2657 γε
1019 2571 1109 2660 μὴ
1159 2571 1528 2657 ψεύδονται
1573 2573 1637 2640 οἱ
1684 2575 1841 2657 περὶ
1889 2566 2092 2640 αὐτοῦ
2136 2573 2360 2657 λέγον-

216 2697 334 2754 τες,
381 2667 495 2741 ὅτι
525 2677 638 2741 καὶ
665 2672 899 2758 μοιχὸς
930 2673 1105 2741 ἑάλω
1137 2679 1325 2757 ποτέ,
1357 2671 1451 2753 ὥς
1483 2671 1517 2743 5
1555 2671 1729 2755 άξων
1763 2681 1987 2764 φησίν,
2035 2670 2264 2759 ἄρθρα
2296 2673 2364 2741 ἐν

220 2770 506 2863 ἄρθροις
563 2775 770 2858 ἔχων·
817 2770 986 2841 ἀλλὰ
1045 2776 1201 2843 τότε
1257 2778 1379 2860 μὲν
1438 2777 1505 2856 ἐς
1561 2776 1679 2844 τὸν
1738 2772 2041 2861 εύνοῦχον
2099 2771 2361 2865 ἀναφυ-

216 2875 341 2961 γών
382 2881 502 2945 καὶ
544 2881 743 2945 τοῦτο
798 2877 1247 2967 κρησφύγετον
1305 2874 1657 2964 εὑρόμενος
1715 2874 2009 2968 ἀφείθη,
2071 2873 2362 2969 άπιστη-

219 2978 473 3046 σάντων
518 2983 600 3068 τῇ
642 2986 1005 3069 κατηγορίᾳ
1048 2983 1179 3046 τῶν
1222 2980 1377 3048 τότε
1424 2981 1750 3048 δικαστῶν
1796 2978 1933 3048 ἀπό
1975 3007 2050 3068 γε
2080 2985 2196 3068 τῆς
2226 3007 2362 3070 φα-

220 3084 409 3167 νερᾶς
473 3076 735 3167 ὅψεως·
805 3085 917 3148 νῦν
985 3083 1057 3148 δὲ
1122 3072 1243 3148 κάν
1307 3082 1780 3169 παλινῳδῆσαί
1832 3109 1951 3167 μοι
2009 3084 2189 3150 δοκεῖ
2242 3087 2362 3150 τοῦ

219 3188 656 3269 προκειμένου
713 3187 973 3268 μισθοῦ
1031 3183 1279 3251 ἕνεκα“.
1386 3192 1486 3252 11.
1543 3184 1798 3252 τούτων
1856 3183 1934 3272 δὴ
1995 3186 2361 3271 λεγομένων
2394 3196 2464 3251 11

221 3287 401 3369 παρὰ
450 3285 722 3352 πάντων
766 3287 886 3369 μὲν
928 3286 1135 3372 γέλως
1181 3286 1488 3371 ἐγίγνετο,
1536 3282 1627 3365 ὥς
1669 3286 1746 3354 τὸ
1796 3286 1988 3364 εἰκός.
2078 3285 2362 3370 Βαγώας

224 3384 290 3450 δὲ
330 3389 587 3470 μᾶλλον
632 3386 1027 3475 ἐταράττετο
1070 3391 1184 3455 καὶ
1228 3402 1553 3467 παντοῖος
1585 3375 1665 3475 ῆν
1697 3386 1764 3467 ἐς
1792 3393 1998 3472 μυρία
2027 3387 2361 3475 τραπόμε-

224 3514 328 3567 νος
365 3490 690 3575 χρώματα
732 3492 844 3556 καὶ
905 3494 1141 3577 ψυχρῷ
1197 3494 1294 3577 τῷ
1355 3491 1587 3579 ἱδρῶτι
1644 3491 1980 3575 ῥεόμενος,
2038 3493 2150 3559 καὶ
2212 3486 2363 3557 οὔτε

225 3597 841 3676 συγκατατίθεσθαι
882 3596 979 3678 τῷ
1023 3595 1180 3679 περὶ
1224 3597 1342 3683 τῆς
1392 3600 1695 3677 μοιχείας
1751 3592 2105 3681 ἐγκλήματι
2146 3595 2362 3670 καλῶς

223 3689 385 3774 ἔχειν
433 3690 601 3781 ᾤετο
648 3689 799 3761 οὔτε
843 3689 1103 3781 ἀχρεῖον
1150 3690 1328 3781 αύτῷ
1381 3693 1504 3784 τὴν
1558 3701 1955 3782 κατηγορίαν
2006 3695 2249 3782 ταύτην
2295 3694 2365 3771 ἐς

220 3792 334 3861 τὸν
377 3795 680 3881 παρόντα
725 3791 945 3881 ἀγῶνα
997 3792 1220 3882 ἡγεῖτο
1267 3793 1458 3865 εἶναι.

388 3900 709 3963 ΠΑΜΦ.
799 3898 1073 3973 Γελοῖα,
1119 3884 1173 3961 ὦ
1220 3906 1495 3971 Λυκῖνε,
1541 3894 1632 3975 ὥς
1677 3892 1954 3987 άληθῶς
1994 3901 2207 3963 ταῦτα
2249 3901 2361 3964 καὶ

224 3994 428 4063 ἔοικεν
471 3991 545 4065 ού
592 3997 710 4087 τὴν
752 4000 1075 4081 τυχοῦσαν
1119 3994 1273 4081 ὑμῖν
1320 3998 1667 4088 διατριβὴν
1698 4001 2192 4086 παρεσχῆσθαι.
2283 3997 2359 4066 τὸ
