2800 4500
1057 270 1342 324 ΦΑΛΑΡΙΣ
1377 272 1436 322 Α.
2245 271 2325 330 95

210 427 647 524 ἐνεστησάμην.
736 441 847 504 καὶ
890 438 966 505 τὸ
1018 432 1133 504 ἀπ’
1186 437 1437 506 ἐκείνου
1482 439 1839 527 φυλάττων
1880 442 2002 525 μὲν
2045 433 2332 523 ἐμαυτὸν

208 538 487 617 διατελῶ,
546 534 810 607 ἐκείνων
861 541 934 608 δὲ
977 539 1135 619 τοὺς
1179 535 1288 609 ἀεὶ
1345 536 1906 627 ἐπιβουλεύοντάς
1965 568 2084 627 μοι
2139 544 2327 610 κολά-

206 638 327 719 ζων.
397 636 525 708 εἶθ’
564 643 629 709 οἱ
661 637 1024 726 ἄνθρωποι
1056 638 1172 728 ἐμὲ
1200 647 1319 733 τῆς
1348 638 1696 733 ὠμότητος
1729 644 2079 714 αἰτιῶνται
2109 639 2328 713 οὐκέτι

205 742 582 827 λογιζόμενοι
650 744 837 832 παρὰ
907 750 1198 834 ποτέρου
1262 744 1453 835 ἡμῶν
1520 733 1600 836 ἦν
1664 743 1703 833 ἡ
1773 746 2005 836 πρώτη
2074 749 2326 815 τούτων

202 839 359 933 ἇρχή,
404 847 785 926 συνελόντες
830 848 901 915 δὲ
945 843 1067 915 τᾶν
1109 853 1296 936 μέσῳ
1339 853 1451 917 καὶ
1498 843 1599 938 ἐφ’
1639 849 1741 928 οἷς
1770 843 2160 930 ἐκολάζοντο
2204 850 2327 930 τὰς

199 955 495 1035 τιμωρίας
542 944 748 1028 αύτὰς
788 945 1074 1038 ᾐτιῶντο
1105 954 1219 1018 καὶ
1257 950 1380 1030 τὰς
1411 951 1734 1030 δοκούσας
1780 946 1848 1018 ἓν
1881 946 2114 1032 αὐταῖς
2144 946 2324 1037 ῶμό-

196 1077 399 1140 τητας,
457 1046 694 1136 ὅμοιον
738 1048 832 1131 ῶς
877 1053 945 1120 εἴ
983 1078 1087 1131 τις
1132 1048 1290 1142 παρ’
1340 1050 1496 1138 ύμῖν
1552 1054 1896 1138 ἱερόσυλόν
1952 1081 2104 1123 τινα
2162 1055 2323 1123 ἷδῶν

198 1147 311 1220 ἀπὸ
354 1159 468 1242 τῆς
514 1160 767 1241 πέτρας
810 1155 1214 1243 ῥιπτόμενον
1261 1155 1303 1222 ἃ
1343 1157 1467 1240 μὲν
1497 1150 1822 1244 ἐτόλμησε
1850 1156 1938 1244 μὴ
1973 1158 2322 1244 λογίζοιτο,

195 1253 269 1332 ὥς
307 1256 556 1340 νύκτωρ
602 1252 670 1337 ἐς
713 1257 789 1324 τὸ
844 1257 1023 1343 ἱερὸν
1069 1261 1386 1344 παρῆλθε
1429 1262 1539 1325 καὶ
1599 1263 1984 1326 κατέσπασε
2026 1259 2111 1327 τὰ
2161 1255 2322 1327 ἆνα-

192 1358 442 1446 θήματα
485 1363 598 1428 καὶ
642 1364 763 1427 τοῦ
809 1360 1048 1438 ξοάνου
1093 1360 1341 1447 ἥψατο,
1386 1368 1781 1450 κατηγοροίη
1830 1363 1902 1430 δὲ
1938 1359 2120 1447 ὑμῶν
2153 1366 2323 1429 πολ-

193 1460 289 1548 λὴν
327 1462 444 1552 τὴν
491 1457 885 1551 ἀγριότητα,
932 1456 1358 1552 ὅτιἝλληνές
1402 1489 1475 1531 τε
1515 1467 1628 1531 καὶ
1676 1466 1842 1548 ἱεροὶ
1890 1462 2061 1533 εἶναι
2108 1469 2322 1552 λέγον-

123 1572 277 1640 194τες
315 1561 720 1649 ὑπεμείνατε
766 1561 1137 1650 ἄνθρωπον
1169 1565 1450 1654 Ἕλληνα
1495 1569 1785 1655 πλησίον
1838 1571 1960 1634 τοῦ
2014 1569 2195 1656 ἱεροῦ
2238 1604 2322 1616 -

188 1668 279 1732 καὶ
317 1665 438 1754 γὰρ
489 1661 569 1733 οὗ
615 1667 793 1735 πάνυ
839 1667 1075 1755 πόρρω
1118 1671 1236 1754 τῆς
1280 1668 1544 1747 πόλεως
1590 1664 1763 1736 εἶναι
1808 1671 2067 1755 λέγεται
2109 1665 2148 1757 ἡ
2195 1675 2322 1736 πέ-

188 1793 290 1852 τρα
330 1808 410 1817 --
453 1769 730 1837 κολάσει
782 1771 1056 1858 τοιαύτῃ
1116 1773 1525 1857 περιβαλεῖν.
1616 1765 1791 1852 ἀλλ’,
1851 1768 2070 1856 οἶμαι,
2132 1766 2324 1840 αύτοί

57 1901 60 1948 [
187 1895 244 1936 τε
278 1871 843 1957 καταγελάσεσθε,
890 1862 970 1959 ἢν
1012 1876 1224 1939 ταῦτα
1269 1876 1420 1961 λέγῃ
1466 1898 1572 1952 τις
1619 1868 1773 1940 καθ’
1825 1870 2040 1959 ὑμῶν,
2094 1879 2205 1943 καὶ
2255 1877 2320 1942 οἱ

187 1968 354 2041 ἄλλοι
397 1974 656 2053 πάντες
700 1969 1171 2044 ἐπαινέσονται
1213 1972 1399 2060 ὑμῶν
1443 1975 1564 2063 τὴν
1608 1975 1776 2043 κατὰ
1821 1981 1951 2043 τῶν
1999 1972 2319 2063 ἀσεβούν-

185 2101 294 2142 των
345 2072 689 2165 ῶμότητα.
777 2084 835 2141 7.
882 2076 957 2145 τὸ
1018 2072 1081 2144 δ’
1144 2072 1301 2146 ὅλον
1355 2080 1422 2145 οἱ
1479 2080 1679 2168 δῆμοι
1737 2073 1852 2145 οὒκ
1906 2073 2320 2160 ἐξετάζοντες
2358 2084 2390 2137 7

181 2172 397 2260 ὁποῖός
439 2205 552 2260 τις
596 2178 632 2246 0‘
678 2193 823 2259 τοῖς
866 2180 1254 2267 πράγμασιν
1300 2176 1603 2270 ἐφεστώς
1643 2176 1843 2261 ἐστιν,
1892 2183 2027 2249 ε’ίτε
2058 2183 2316 2261 δίκαιος

181 2282 293 2350 είτε
334 2280 591 2364 αδικος,
638 2280 872 2362 απλῶς
918 2278 1076 2350 αυτὸ
1121 2284 1198 2351 τὸ
1231 2289 1350 2374 τῆς
1378 2283 1819 2370 τυραννίδος
1795 2280 2008 2369 όνομα
2036 2289 2314 2370 μισοῦσι

175 2388 265 2454 καὶ
318 2386 438 2455 τὸν
491 2386 846 2475 τύραννον,
904 2413 1025 2453 καν
1066 2387 1334 2465 Αἰακὸς
1389 2415 1430 2476 η
1478 2394 1721 2467 Μίνως
1772 2415 1810 2477 η
1853 2385 2312 2473 Ῥαδάμανθυς

174 2471 234 2573 ᾗ,
286 2490 549 2574 ὁμοίως
592 2484 667 2568 εξ
708 2488 1009 2567 ἅπαντος
1053 2484 1312 2557 ἀνελεῖν
1357 2491 1757 2572 σπεύδουσι,
1816 2490 1971 2569 τούς
2013 2492 2135 2575 μὲν
2178 2515 2309 2558 πο-

174 2614 383 2677 νηρους
445 2585 669 2658 αυτῶν
725 2590 859 2677 πρὸ
920 2586 1301 2680 οφθαλμῶν
1355 2598 1735 2678 τιθέμενοι,
1802 2592 1959 2672 τούς
2027 2595 2099 2662 δὲ
2152 2620 2308 2682 χρη-

174 2692 345 2771 στοὺς
387 2698 474 2781 τῇ
520 2698 839 2781 κοινωνίᾳ
880 2697 999 2780 τῆς
1042 2701 1499 2782 προσηγορίας
1540 2698 1638 2781 τῶ
1679 2691 1897 2783 ομοίῳ
1926 2701 2112 2779 μίσει
2144 2720 2310 2781 συμ-·

171 2796 788 2882 περιλαμβάνοντες.
879 2791 1060 2882 ε’γωγ’
1114 2822 1229 2864 ουν
1288 2791 1506 2863 ἆκούω
1561 2801 1673 2864 καὶ
1732 2792 1887 2885 παρ’
1953 2794 2109 2882 ὖμῖν
2167 2813 2311 2878 τοῖς

108 2885 406 2989 195Ὲλλησι
451 2897 752 2975 πολλοὺς
792 2904 1116 2984 γενέσθαι
1156 2899 1516 2986 τυράννους
1575 2899 1829 2988 σοφοὺς
1886 2897 2019 2967 ὑπὸ
2067 2901 2307 2989 φαύλῳ

169 2991 431 3086 ὀνόματι
480 3003 788 3069 δοκοῦντι
826 3001 1111 3089 χρηστὸν
1154 2995 1347 3069 καὶ(
1317 2997 1562 3088 η’μερον
1617 2989 1793 3091 ἦθος
1851 2998 2308 3089 επιδεδειγμέ-

170 3124 325 3186 νους,
396 3131 496 3171 ων
555 3097 750 3171 ενίων
805 3105 917 3170 καὶ
978 3103 1213 3190 λόγους
1281 3100 1453 3170 εἶναι
1515 3110 1784 3225 βραχεῖς
1847 3131 1921 3172 εν
1986 3108 2080 3191 τῶ
2148 3107 2308 3191 ἱερῷ

167 3197 329 3286 ὖμῶν
388 3201 911 3289 ἀποκειμένους,
973 3199 1326 3291 ἆγάλματα
1382 3210 1494 3274 καὶ
1554 3201 1963 3295 αναθήματα
2018 3169 2115 3294 τῷ
2159 3214 2305 3274 Πυ-

169 3310 307 3395 θίῳ.
397 3315 460 3376 8.
511 3305 714 3395 ὁρᾶτε
759 3308 833 3375 δὲ
876 3311 988 3376 καὶ
1019 3307 1171 3386 τοὺς
1201 3313 1579 3393 νομοθέτας
1606 3313 1705 3395 τῷ
1732 3311 2103 3397 κολαστικῷ
2133 3310 2299 3377 ε’ίδει
2333 3323 2371 3379 8

167 3408 225 3475 τὸ
268 3413 483 3478 πλέον
530 3416 880 3494 νέμοντας,
941 3406 1033 3488 ῶς
1076 3415 1209 3478 τῶν
1251 3435 1325 3497 γε
1383 3406 1602 3476 ἄλλων
1661 3405 1853 3479 οὐδὲν
1908 3407 2182 3500 ὄφελος,
2243 3412 2304 3480 εἰ

166 3509 237 3597 μὴ
281 3509 314 3580 ὅ
367 3513 589 3603 φόβος
632 3518 917 3601 προσείη
974 3516 1084 3580 καὶ
1146 3511 1339 3591 ἐλπὶς
1396 3517 1515 3601 τῆς
1570 3515 1925 3593 κολάσεως.
2012 3512 2171 3600 ἡμῖν
2231 3516 2302 3582 δὲ
2364 3596 2373 3603 ⁵

165 3618 339 3683 τοῦτο
399 3617 642 3701 πολλῷ
699 3608 1213 3702 ἀναγκαιότερον
1267 3630 1412 3693 τοῖς
1478 3615 1854 3700 τυράννοις,
1924 3610 2062 3705 ὅσῳ
2128 3617 2302 3702 πρὸς

169 3706 432 3806 ἀνάγκην
501 3712 921 3805 ἐξηγούμεθα
985 3720 1097 3784 καὶ
1159 3721 1436 3802 μισοῦσί
1500 3744 1574 3785 τε
1641 3713 1780 3804 ἅμα
1845 3723 1955 3787 καὶ
2022 3715 2300 3806 ἐπιβου-

168 3817 452 3887 λεύουσιν
514 3813 914 3906 ἆνθρώποις
972 3818 1320 3904 σύνεσμεν,
1388 3814 1564 3887 ὅπου
1618 3822 1785 3911 μηδὲ
1849 3826 1980 3889 τῶν
2044 3849 2300 3911 μορμο-

168 3914 423 3988 λνκείων
472 3915 719 4008 ὄφελός
758 3946 826 3986 τι
856 3917 1012 4009 ἡμῖν
1041 3927 1353 4007 γίγνεται,
1402 3915 1573 3989 ἀλλὰ
1603 3926 1695 4010 τῶ
1730 3926 1889 4010 περὶ
1915 3928 2032 4012 τῆς
2047 3918 2301 4012 (Ὑδρας

167 4020 346 4108 μύθῳ
392 4020 471 4088 τὸ
518 4025 799 4110 πρᾶγμα
852 4022 1093 4090 ἔοικεν·
1155 4020 1293 4111 ὅσῳ
1351 4023 1478 4111 γὰρ
1539 4016 1620 4092 ἂν
1676 4020 2126 4110 ἐκκόπτωμεν,
2184 4053 2299 4094 το-
