2800 4500
450 231 575 290 314

479 1861 533 2005 ‚09

477 2574 527 2617 e.
556 2561 611 2616 9.

435 2868 611 2923 e.ll.

1178 231 1559 285 ADNOTATlo
1595 231 1866 286 CRITICA.

659 425 787 468 mus
811 426 1047 468 sensum
1068 409 1267 467 inesse
1289 424 1467 483 posse
1493 423 1743 481 eumque
1766 406 1903 465 huie
1924 407 2056 466 loeo
2080 407 2445 482 aptissimum
2471 426 2606 469 esse

657 511 914 587 negabit.
1001 511 1174 570 Licet
1218 510 1390 569 etiam
1436 509 1655 568 auxilio
1700 526 1918 569 vocare
1947 508 2153 585 Eurip.
2200 508 2407 586 Suppl.
2455 514 2602 570 426.

657 609 910 690 κομψός
954 607 1025 690 y'
1069 607 1106 673 ὃ
1153 614 1356 691 κῆρυξ
1415 615 1522 672 καὶ
1579 606 2082 690 παρεργάτης
2138 606 2439 690 λόγων,
2501 614 2605 688 qui

659 716 899 791 egregie
946 714 1202 774 concinit
1231 731 1362 772 eum
1391 716 1593 772 nostra
1620 713 2100 788 interpretatione
2144 731 2341 789 neque
2388 714 2601 791 despe-

655 817 904 877 randum
950 820 1057 895 est,
1102 814 1232 875 fore
1276 818 1341 874 ut
1382 816 1575 891 ipsum
1621 814 1868 875 verbum
1913 811 2422 897 παρεργάζεσθαι
2458 818 2604 877 olim

653 922 1002 997 inveniatur,
1047 919 1221 978 sicuti
1253 919 1370 977 alia
1398 917 1587 977 verba
1615 936 1747 977 eum
1780 920 2223 994 praepositione
2252 915 2430 1000 παρὰ
2460 938 2603 981 eon·

651 1024 852 1083 iuncta
879 1023 1063 1083 veluti
1091 1025 1711 1101 παρυποκοίνεσθαι,
1748 1028 2208 1101 παοοοχεῖσθαι
2237 1014 2475 1099 graecis
2507 1024 2601 1082 lit-

651 1126 795 1185 teris
821 1124 1264 1184 vindieavimus.
1334 1122 1446 1199 (Of.
1478 1121 1931 1200 Sommerbrodt‚
1977 1122 2350 1185 Scaeniea
2394 1126 2604 1185 Berlin

660 1231 819 1288 1876
851 1227 999 1305 „das
1031 1226 1533 1301 Staatsexemplar
1564 1226 1670 1285 der
1692 1226 2068 1302 Tragoedien
2101 1227 2206 1287 des
2236 1228 2601 1307 AeschyloS,

651 1328 1006 1407 Sophokles,
1051 1329 1363 1405 Euripides
1408 1328 1531 1387 und
1573 1328 1670 1388 die
1713 1327 2172 1404 Sohauspieler“
2217 1349 2277 1406 p.
2304 1334 2425 1392 253
2442 1332 2505 1391 ff.
2540 1337 2604 1393 et

651 1433 822 1492 Lue.
867 1432 1000 1491 Vol.
1032 1432 1061 1490 I
1103 1432 1170 1492 P.
1201 1431 1259 1490 H
1299 1449 1358 1506 p.
1389 1429 1609 1490 XCVII
1652 1430 1730 1490 ad
1771 1431 1992 1492 Herod.
2038 1450 2087 1492 e.
2124 1433 2204 1507 6.)

821 1535 952 1594 Hoc
980 1535 1175 1612 igitur,
1205 1537 1271 1593 ut
1300 1534 1377 1593 ad
1405 1534 1731 1593 Lueiauum
1759 1533 2088 1611 redeamus,
2137 1537 2400 1599 voluisse
2430 1539 2602 1599 vide-

650 1641 777 1696 tur:
824 1636 1048 1715 „Aliud
1077 1636 1294 1713 agendi
1339 1636 1780 1716 (παρεογασία)
1825 1640 1883 1697 et
1924 1655 2121 1697 rerum
2164 1656 2449 1700 novarum
2498 1660 2604 1702 eo-

651 1739 1124 1815 gnoscendarum
1167 1739 1347 1799 libido
1389 1738 1814 1815 peregrinandi
1856 1757 2037 1799 eausa
2077 1737 2247 1802 fuit“.

604 1889 616 1903 .
647 1837 889 1905 τούτου
933 1864 1000 1919 γε
1044 1843 1326 1917 μέντοι
1358 1835 1377 1920 ΙΙ
1406 1863 1507 1905 τοι
1553 1834 1755 1901 ΩΓΞΙ
1798 1841 1966 1903 Mut.

600 1991 612 2004 .
646 1940 1037 2021 ἐφιστάμεθα
1082 1950 1352 2026 ποταμῷ
1383 1942 1622 2006 οἶνον
1658 1941 1871 2022 ῥέοντι
1902 1939 2269 2028 ὁμοιοτάτῳ
2313 1939 2605 2019 μάλιστα

652 2042 917 2124 οἷόσπερ
950 2042 987 2107 ὸ
1018 2041 1177 2120 Χῖός
1223 2045 1393 2107 ἐστιν
1424 2040 1442 2124 ΙΙ
1473 2044 1671 2127 οἴνῳ
1704 2043 1957 2106 Sohone.
2032 2042 2121 2106 Of.
2151 2046 2384 2107 Anaeh.
2425 2065 2476 2108 e.
2514 2052 2603 2109 25

652 2152 871 2229 ἱδρῶτι
916 2154 1144 2230 πολλῷ
1189 2147 1340 2227 ῥεῖν.
1390 2179 1476 2190 -
1521 2141 1973 2226 ἐπινοήσαντες
2016 2144 2171 2223 τοὺς
2215 2145 2461 2225 ἄλλους
2511 2154 2604 2230 ἰχ-

650 2258 776 2326 θῦς
819 2302 833 2316 .
869 2301 883 2315 .
919 2301 933 2315 .
984 2245 1643 2330 παραμιγνύντες
1688 2244 2241 2329 ἐκεράννυμεν
2298 2247 2376 2315 τὸ
2435 2270 2603 2331 σφο-

659 2349 818 2434 ὁρὸν
872 2359 985 2432 τῆς
1043 2356 1423 2431 οἰνοφαγίας
1466 2348 1485 2433 ΙΙ
1528 2347 2137 2431 παραμιγνύναι
2195 2352 2603 2434 ἐποαΰνο-

645 2478 783 2530 μεν
828 2453 991 2515 det.

644 2553 764 2619 ἀλλ
785 2553 799 2575 ’
844 2552 981 2620 ἄνω
1012 2557 1334 2637 μετέωρον
1367 2557 1766 2638 ἐξαπηοτη
1778 2559 1999 2637 μένην
2031 2553 2264 2633 ἄνεμος
2297 2555 2602 2633 ἐμπεσὼν

646 2671 785 2734 τοῖς
830 2661 1052 2734 ἱστίοις
1097 2658 1277 2739 ἔφερε
1322 2654 1640 2740 κυρτώσ
1655 2683 1743 2735 ας
1772 2654 1889 2739 τὴν
1935 2655 2182 2739 ὀθόνην
2212 2655 2232 2740 ΙΙ
2262 2659 2604 2742 ἐξηρτη-

644 2763 892 2841 μένην
939 2757 1172 2831 ῼΉΓ
1205 2763 1359 2824 unt.
1406 2759 1834 2838 κολπώσας
1881 2758 2089 2831 ῼἩΓ
2122 2764 2288 2833 Mut.
2334 2794 2421 2805 —

644 2859 681 2925 ὃ
728 2867 792 2926 δὲ
837 2861 1232 2939 θεασάμενος
1278 2869 1384 2926 καὶ
1429 2861 1582 2928 α’πὸ
1625 2872 1763 2945 τῆς
1807 2867 1998 2941 θέας
2049 2869 2155 2926 καὶ
2200 2872 2312 2945 τῆς
2356 2874 2605 2947 στολῆς

649 2962 921 3044 εἰκάσας,
958 2962 1254 3046 Ἕλληνες
1283 2960 1375 3046 ἇο
1394 2990 1465 3046 α,
1512 2967 1649 3046 ἔφη,
1697 2963 1876 3043 ὑμεῖς
1903 2963 1922 3047 ΙΙ
1953 2963 2250 3043 corrupta
2294 2984 2429 3028 esse
2463 2965 2603 3031 α’πο

644 3068 755 3150 τῆς
798 3070 953 3144 θέας
997 3066 1366 3129 manifestum
1414 3074 1521 3130 est.
1597 3069 1804 3145 Itaque
1850 3088 1923 3130 ea
1952 3070 2208 3131 delenda
2251 3088 2386 3129 eum
2415 3065 2603 3132 ΩἳῐΓ

644 3172 832 3250 Mat„
869 3174 971 3230 aut
997 3171 1317 3247 legendum
1347 3188 1480 3231 esse
1512 3174 1721 3249 opinor
1752 3169 1906 3235 α’πὸ
1950 3180 2084 3252 τῆς
2115 3167 2328 3249 νεώς.
2391 3173 2602 3234 Probe

649 3277 803 3335 enim
845 3274 1182 3352 tenendum,
1228 3276 1458 3335 versari
1485 3275 1811 3335 Luoianum
1852 3293 1984 3335 eum
2029 3277 2227 3354 sociis,
2274 3275 2605 3336 etiamdum

644 3396 754 3453 per
809 3394 1008 3437 aerem
1064 3377 1342 3453 volitant,
1395 3378 1457 3435 in
1513 3395 1667 3438 nave
1724 3376 1823 3454 (of.
1881 3395 1929 3439 e.
1978 3381 2076 3440 29.
2126 3383 2226 3440 30.
2277 3380 2400 3450 33).
2499 3378 2607 3438 Ex

643 3497 798 3539 nave
843 3483 1036 3539 autem
1080 3477 1142 3537 id
1188 3482 1277 3539 est
1320 3496 1396 3538 ex
1438 3480 1807 3555 navigiorum
1853 3497 2076 3556 genere
2120 3498 2324 3557 regem
2359 3480 2604 3556 Hippo·

646 3580 1011 3658 gryphorum
1057 3583 1455 3641 coniecturam
1497 3580 1700 3642 faeere
1744 3584 1875 3643 veri
1918 3583 2109 3643 simile
2156 3587 2262 3643 est.
2351 3581 2603 3644 Summo

646 3685 799 3743 enim
842 3700 1024 3759 opere
1066 3684 1219 3743 inter
1261 3700 1327 3743 se
1375 3683 1650 3743 differunt
1690 3686 2040 3760 populorum
2098 3687 2340 3763 navigia
2381 3689 2445 3744 ut
2490 3688 2604 3748 vel

644 3785 854 3861 proeul
896 3789 1120 3846 remota
1152 3804 1227 3846 ex
1257 3786 1496 3846 diversa
1540 3804 1741 3846 eorum
1784 3785 1974 3847 forma
2018 3787 2327 3849 dinoscere
2370 3791 2601 3864 possis.

643 3887 760 3945 Pro
807 3880 958 3966 ἆρα
1004 3887 1379 3946 scribendum
1428 3890 1519 3946 est
1560 3884 1709 3967 ἄρα
1753 3886 1812 3957 Ἡ
1857 3887 2013 3950 Eut.

431 3982 698 4048 o.12.‘0
743 3988 818 4047 δὲ
872 3989 1234 4064 Φαέθων,
1282 3993 1474 4067 φησίν
1518 3983 1634 4067 {l‘O
1680 3992 1762 4067 δὲ,
1820 3991 2109 4068 Φαέθων,
2156 3997 2351 4072 φησίν
