2800 4500
417 215 542 274 294
1298 215 1671 270 LECTIONUM

634 336 939 470 ᾳῖανεῖσθε
974 422 1053 433 -
1088 386 1479 470 βραδύτερος
1505 386 1525 471 fl
1555 384 1952 469 ἀμβλύτερος
1995 422 2078 434 --
2123 386 2527 470 ἀμβλύτερος

629 489 1019 573 βραδύτερος
1035 525 1116 537 -
1133 487 1862 572 προῆχθαιΙΙπροσῆχθαι
1886 525 1967 536 -
1992 487 2214 573 ἐδειξεῧ
2229 491 2461 569 ἔδειξεν
2487 525 2576 535 -

458 615 511 656 c.
540 601 597 656 5.
627 592 705 658 τὸ
762 599 799 658 δ
817 593 832 615 '
889 595 1079 676 ἔργον
1112 590 1135 676 ΙΙ
1167 589 1245 656 τὸ
1299 597 1363 656 δὲ
1417 593 1608 675 ἔργον
1657 627 1732 637 -
1783 600 2014 672 φοβῶν
2046 594 2069 673 ΙΙ
2103 591 2443 658 ἐκκόπτων
2489 627 2578 639 —·

628 694 962 760 ἐκκόπτων
993 692 1016 779 ΙΙ
1049 701 1279 773 φοβῶν
1322 728 1406 738 -
1452 692 1804 775 ἀδικήματα
1837 691 1859 777 ΙΙ
1891 692 2259 776 ἀτυχήματα

458 820 511 860 c.
540 805 590 864 6.
626 807 936 881 πονηρῶν
963 794 985 881 fl
1011 821 1279 879 πονηρω
1311 800 1440 858 sine
1472 802 1720 859 accentu
1748 833 1833 843 —
1863 794 2027 862 ἀλλὰ
2057 800 2360 880 ἑωρῶμεν
2381 799 2402 880 fl
2422 795 2581 862 ἀλλ’

629 902 930 982 ἑωρῶμεν
962 933 1042 945 -
1075 897 1227 964 οὐδ’
1273 901 1608 980 ἐπιχειρῶν
1652 924 1749 976 τις
1775 896 1796 981 fl
1826 898 1975 963 οὐδὲ
2021 901 2354 981 ἐπιχειρεῖν
2383 907 2487 977 τίς

458 1022 509 1064 c.
541 1009 594 1062 7.
628 1000 979 1084 ἀπώκνησα
1006 998 1026 1084 fl
1057 998 1394 1082 ἀπόκνησα

460 1124 513 1164 c.
541 1109 597 1165 8.
630 1103 1027 1186 ἀνῃρημένος
1059 1100 1083 1186 ΙΙ
1115 1101 1514 1184 ἀνηρημένωι
1573 1137 1654 1149 -
1711 1100 2159 1183 καταισχύνων
2202 1102 2224 1183 ΙΙ
2269 1103 2583 1185 κατεσχύ-

627 1230 764 1270 νων
811 1240 893 1251 -
938 1203 1142 1270 ἄλλον
1192 1202 1348 1281 μετὰ
1380 1205 1404 1284 ΙΙ
1480 1202 1644 1270 ἀλλὰ
1687 1202 1842 1281 μετὰ
1887 1240 1969 1249 -
2011 1202 2088 1270 τὸ
2133 1209 2197 1269 δὲ
2230 1202 2254 1287 ΙΙ
2287 1204 2323 1269 ὃ
2370 1210 2438 1270 δὲ
2487 1242 2580 1252 -

629 1305 1254 1390 προυμαντευσάμην
1287 1305 1310 1387 [Ι
1342 1304 1927 1387 προυμαντευόμην
1972 1341 2054 1351 —-
2099 1306 2580 1389 ἐτυραννοκτό·

627 1428 778 1490 νησε
810 1407 832 1493 ΙΙ
865 1407 1496 1491 ἐτυραννοκτόνησεν

461 1529 513 1571 ο.
541 1515 594 1575 9.
630 1520 833 1576 ταῦτα
879 1509 1089 1576 πάντα
1122 1508 1144 1594 ΙΙ
1178 1509 1388 1575 πάντα
1445 1519 1648 1575 ταῦτα
1693 1544 1778 1554 -
1823 1516 1937 1591 ζῆν
1970 1507 1993 1592 ΙΙ
2026 1506 2140 1591 ζὴν
2185 1544 2266 1555 —
2310 1509 2531 1595 πατὴρ
2562 1510 2584 1595 fl

627 1621 813 1693 πηρῶ
849 1648 933 1660 -

417 1733 471 1774 ο.
505 1720 594 1778 10.
629 1713 796 1796 παρ’
853 1713 1035 1795 ἡμῶν
1081 1713 1104 1797 ΙΙ
1148 1714 1309 1797 παρ’
1369 1716 1526 1791 ἐμοῦ
1584 1749 1664 1758 -
1719 1710 1911 1792 γάμοι
1969 1711 2347 1795 ἀνύβριστοι
2391 1712 2415 1796 ΙΙ
2462 1713 2579 1794 γά-

625 1840 746 1893 μος
791 1815 1177 1899 ἀνύβριστος
1220 1851 1300 1861 -
1347 1822 1404 1880 εί
1444 1814 1563 1898 γάρ
1593 1822 1689 1891 τίς
1735 1816 1863 1879 ἐστι
1909 1813 2035 1898 πρὸ
2070 1818 2230 1892 ἐμοῦ
2255 1823 2580 1892 τιμᾶσθαι

629 1922 872 1995 δίκαιος
918 1917 940 1998 ΙΙ
1040 1971 1052 1984 .
1089 1970 1102 1983 .
1164 1926 1299 1981 τῶν
1357 1915 1487 1999 πρὸ
1547 1919 1704 1994 ἐμοῦ
1734 1969 1746 1982 .
1785 1969 1798 1982 .
1835 1970 1848 1983 .
1900 1953 1980 1963 -—
2025 1926 2286 1996 τολμῶν
2345 1924 2577 1983 κινδυ-

627 2017 841 2084 νεύων
872 2018 895 2102 ss
928 2045 979 2085 τ.
1030 2026 1134 2084 καὶ
1181 2017 1583 2084 κινδυνεύων
1629 2055 1710 2065 -
1755 2026 1818 2084 τί
1862 2024 1963 2083 δαὶ
1997 2021 2021 2101 ΙΙ
2051 2027 2116 2084 τί
2158 2024 2220 2083 δὲ
2266 2054 2346 2062 -

415 2140 467 2181 ο.
499 2127 590 2185 11.
625 2128 689 2185 τί
731 2120 772 2202 ἦ
801 2120 825 2204 ΙΙ
857 2148 916 2185 τι
958 2119 998 2203 ἦ
1027 2156 1112 2166 -
1142 2122 1469 2203 εἴργασμαι
1501 2120 1525 2204 ΙΙ
1558 2123 1861 2204 ἔργασμαι
1905 2157 1988 2167 -
2034 2126 2091 2185 εἰ
2128 2119 2344 2204 μηκέτ’
2387 2123 2575 2187 ἐστιν

625 2219 731 2305 1Ιεί
779 2227 999 2307 μηκέτι
1057 2225 1228 2289 ἐστὶν
1275 2260 1355 2269 -
1403 2222 1726 2289 ἀπέκτεινε
1758 2222 1781 2305 ΙΙ
1814 2222 2181 2290 ἀπέκτεινεν
2230 2260 2306 2269 --
2352 2231 2415 2290 τί
2463 2230 2578 2289 δαί

625 2322 737 2407 Ετί
780 2331 845 2390 δὲ
893 2361 968 2370 -—
1017 2332 1124 2390 καὶ
1168 2324 1312 2391 τότε
1356 2325 1523 2410 παρ’
1568 2328 1728 2403 ἐμοῦ
1759 2323 1783 2408 ΙΙ
1814 2333 1919 2390 καὶ
1964 2324 2041 2391 τὸ
2070 2325 2233 2410 παρ’
2278 2328 2432 2404 ἐμοῦ
2478 2361 2570 2372 -

622 2425 959 2509 χρώμενον
986 2425 1369 2512 Εχρωμένου
1416 2464 1501 2473 -

415 2548 466 2590 c.
500 2533 588 2593 12.
625 2530 685 2592 εἴ
720 2554 816 2606 τις
875 2528 1071 2608 αὐτὸς
1126 2529 1491 2596 ἀπέκτεινεν
1525 2530 1547 2611 ΙΙ
1580 2552 1689 2594 om.
1733 2565 1818 2575 —
1861 2535 1967 2594 καὶ
2024 2527 2143 2612 γὰρ
2200 2527 2521 2613 ἠβούλετο
2555 2530 2580 2615 ss

628 2630 710 2695 ού
737 2629 859 2714 γὰρ
882 2628 1196 2712 ἠβούλετο
1222 2668 1303 2679 —
1325 2640 1652 2711 γίγνεσθαι
1687 2630 1709 2712 ΙΙ
1741 2639 2028 2711 γίνεσθαι
2060 2668 2143 2677 --
2171 2640 2281 2714 τῆς
2310 2637 2529 2710 αἰτίας
2560 2632 2581 2716 ΙΙ

627 2741 740 2814 τῆς
784 2732 996 2811 ἀδείας
1037 2768 1122 2778 --
1168 2732 1638 2799 ἀποκτείναντα
1670 2730 1693 2815 ΙΙ
1727 2732 2194 2799 ἀποκτείνοντα
2236 2767 2322 2778 —
2366 2738 2581 2800 δικαι-

628 2849 728 2911 οῖς
759 2831 782 2916 ΙΙ
816 2839 1077 2912 δικαίως
1092 2869 1206 2951 ΒΓ-
1250 2833 1411 2900 αύτὸ
1471 2837 1712 2916 ἔπραξα
1746 2832 1769 2916 ΙΙ
1803 2831 1998 2912 αὐτὸς
2044 2836 2286 2917 ἔπραξα
2315 2872 2398 2881 —-
2428 2835 2580 2917 ἀξι-

629 2948 811 3029 ώσεις
844 2953 867 3034 ΙΙ
899 2952 1166 3033 ἀξιώσες
1209 2990 1294 3000 -

416 3074 464 3115 e.
495 3059 588 3116 13.
622 3060 1107 3133 πεφονευμένου
1162 3057 1186 3140 ΙΙ
1239 3080 1381 3134 πεφ.
1462 3053 1942 3136 ἀνεληλυθότος
2011 3087 2086 3097 -
2156 3052 2195 3136 ἢ
2261 3050 2377 3118 τὸν
2442 3053 2581 3137 τὴν

627 3161 1063 3241 δημοκρατίαν
1095 3155 1118 3241 ΙΙ
1151 3157 1188 3240 ἢ
1225 3156 1341 3240 τὴν
1370 3163 1446 3238 δ.,
1479 3177 1590 3219 om.
1620 3155 1738 3221 τὸν
1786 3191 1861 3201 -
1908 3164 2118 3221 καίτοι
2151 3153 2190 3220 δ’
2217 3181 2285 3236 γε
2315 3153 2531 3234 νόμος
2562 3156 2584 3242 Ι

626 3266 837 3324 καίτοι
868 3285 936 3339 γε
981 3258 1018 3325 ὃ
1062 3245 1266 3337 νόμος
1295 3295 1377 3304 -
1411 3257 1552 3339 οὐχὶ
1588 3265 1694 3323 καὶ
1728 3256 1750 3342 ΙΙ
1781 3265 1888 3323 καὶ
1919 3250 2064 3339 οῦχὶ
2108 3292 2193 3304 -
2234 3254 2311 3322 τὸ
2343 3261 2407 3321 δὲ
2438 3256 2583 3323 ὑπ’

629 3362 786 3436 ἐμοῦ
818 3358 841 3443 ΙΙ
872 3359 949 3427 τὸ
993 3361 1063 3426 δ’
1106 3359 1228 3426 ὑπ’
1280 3364 1439 3438 ἐμοῦ

413 3480 468 3522 c.
500 3466 591 3525 14.
629 3467 685 3525 εί
711 3464 879 3527 ἐνδεῖ
903 3488 965 3527 τι
997 3461 1021 3545 ΙΙ
1053 3483 1166 3524 om.
1195 3488 1255 3527 τι
1288 3498 1366 3507 --
1399 3468 1505 3526 καὶ
1549 3469 1851 3541 γενναίαν
1881 3467 1989 3526 καὶ
2021 3460 2046 3545 ΙΙ
2077 3468 2379 3541 γενναίαν
2425 3470 2549 3526 καὶ
2568 3462 2583 3484 ’

630 3583 742 3626 om.
771 3567 971 3642 priore
1007 3570 1113 3628 καὶ
1145 3598 1229 3610 -
1259 3562 1387 3645 πρὸ
1416 3573 1550 3628 τῶν
1582 3572 1825 3629 κοινῶν
1858 3561 1881 3647 ΙΙ
1914 3563 2042 3646 πρὸ
2071 3572 2193 3629 τοῦ
2221 3572 2357 3627 τῶν
2389 3588 2443 3630 κ.
2483 3599 2583 3611 —

630 3662 1056 3747 προῖδόμενός
1100 3690 1243 3730 τινα
1288 3663 1311 3747 ΙΙ
1355 3664 1791 3749 προελόμενος
1833 3663 1978 3730 τινὰ
2023 3699 2103 3710 -
2145 3663 2350 3747 μόνης
2381 3663 2582 3744 ἄξιός

629 3773 750 3844 εἰμι
782 3764 806 3850 ΙΙ
835 3764 1040 3844 μόνος
1084 3764 1263 3845 ἄξιος
1307 3772 1364 3830 εἰ
1400 3793 1486 3849 μη
1534 3771 1668 3846 (sic)

415 3890 467 3930 c.
499 3875 589 3935 15.
626 3868 906 3950 ἐπόνησα
940 3866 962 3949 ΙΙ
996 3870 1262 3949 ἐποίησα
1293 3903 1376 3914 —-
1407 3867 1800 3951 κατώρθωσε
1833 3867 1856 3953 ΙΙ
1887 3865 2266 3951 κατόρθωσε
2296 3901 2381 3913 -
2405 3893 2583 3951 προ·

629 3979 842 4034 ελθεῖν
874 3967 897 4051 ΙΙ
931 3978 1317 4050 προσελθεῖν
