2800 4500
719 258 1154 311 ΑΛΕΞΑΝΔΡΟΣ
1189 259 1231 309 Η
1269 258 1765 311 ΨΕΥΔΟΜΛΝΤΙΣ.
2207 256 2328 314 115

80 429 286 491 236καὶ
335 420 718 512 ἀπήλλαξεν
776 422 945 516 αὐτῇ
1002 429 1285 515 στρατιᾷ
1341 423 1475 494 ὖπὸ
1539 431 1657 494 τοῦ
1695 420 2075 513 Ὀθρυάδου
2128 454 2331 493 κατα-

169 536 440 610 κοπείς,
495 533 734 597 τοῦτον
774 531 897 614 μὲν
939 529 1059 597 τὸν
1097 528 1398 617 χρησμὸν
1446 529 1696 615 ἐξαιρεῖ
1741 530 1810 595 ἐκ
1851 533 1984 595 τῶν
2028 525 2330 618 ὑπομνη-

168 630 418 714 μάτων,
464 629 777 719 ἐντίθησι
823 632 895 699 δὲ
942 627 1145 697 ἄλλον
1191 626 1339 697 ἀντ’
1393 626 1631 697 αὐτοῦ·

254 732 381 821 Zur)
453 732 534 800 σύ
599 727 664 819 γ’
739 727 853 799 ἐπ’
920 727 1315 820 Ἀρμενίους
1381 728 1585 800 ἐλάαν
1660 735 1979 817 στρατόν,
2055 728 2129 800 ού
2201 733 2329 820 γὰρ

1543 831 1837 920 ἄμεινον,

247 936 342 1023 μή
391 959 506 1003 σοι
551 939 934 1023 θηλυχίτων
978 963 1084 1017 τις
1130 932 1300 1028 ἀνὴρ
1341 937 1544 1015 τόξου
1591 933 1731 1006 ἄπο
1778 936 2014 1023 λυγρὸν

247 1039 520 1123 πότμον
565 1038 950 1126 ἐπιπροϊεὶς
992 1041 1220 1129 παύσῃ
1264 1041 1500 1125 βιότου
1547 1039 1759 1128 φάεός
1800 1065 1893 1106 τε.

342 1145 445 1209 28.
493 1144 632 1208 Καὶ
673 1140 800 1227 γὰρ
847 1128 929 1208 αύ
972 1146 1086 1209 καὶ
1126 1147 1323 1210 τοῦτο
1357 1143 1752 1232 σοφώτατον
1785 1140 2126 1229 ἐπενόησε,
2172 1139 2327 1218 τοὺς
2355 1148 2431 1203 28

167 1250 644 1329 μεταχρονίους
682 1245 1022 1332 χρησμούς
1066 1244 1182 1311 ἐπὶ
1229 1251 1576 1333 θεραπείᾳ
1617 1248 1751 1311 τῶν
1810 1247 2026 1321 κακῶς
2082 1267 2328 1327 προτε-

168 1352 655 1431 θεσπισμένων
720 1349 833 1413 καὶ
902 1348 1526 1432 ἀποτετευγμένων·
1600 1346 1930 1423 πολλάκις
1999 1344 2123 1431 γὰρ
2191 1344 2324 1430 πρὸ

168 1449 286 1533 μὲν
333 1452 456 1534 τῆς
497 1450 807 1537 τελευτῆς
844 1463 988 1528 τοῖς
1019 1454 1330 1517 νοσοῦσιν
1359 1446 1616 1535 ὑγίειαν
1648 1449 2103 1535 ἐπηγγέλλετο,
2151 1442 2328 1514 ἀπο-

168 1551 525 1617 θανόντων
571 1551 644 1618 δὲ
682 1551 979 1639 χρησμὸς
1024 1547 1275 1638 [ἄλλος]
1323 1551 1590 1635 ἕτοιμος
1632 1538 1713 1640 ἦν
1756 1551 2196 1638 παλινῳδῶν·

248 1658 524 1742 Μηκέτι
569 1654 890 1743 δίζησθαι
935 1655 1204 1723 νούσοιο
1249 1656 1487 1744 λυγρῆς
1532 1652 1918 1741 ἐπαρωγήν·

249 1752 522 1839 πότμος
563 1755 690 1842 γὰρ
735 1756 1093 1846 προφανὴς
1138 1751 1283 1825 οὐδ’
1337 1758 1676 1846 ἐκφυγέειν
1721 1756 2001 1823 δυνατόν
2055 1780 2185 1823 σοι.

343 1865 447 1929 29.
493 1856 715 1937 Εἰδὼς
759 1859 831 1925 δὲ
874 1858 1030 1938 τοὺς
1075 1858 1144 1927 ἐν
1173 1859 1421 1946 Κλάρῳ
1463 1862 1573 1926 καὶ
1607 1858 1936 1943 Διδύμοις
1979 1861 2089 1925 καὶ
2120 1860 2326 1924 Μαλ-
2354 1860 2431 1915 29

176 1961 262 2046 λῴ
309 1963 422 2028 καὶ
472 1954 714 2038 αὖτοὺς
758 1954 1267 2045 εὐδοκιμοῦντας
1312 1960 1430 2029 ἐπὶ
1463 1965 1545 2048 τῇ
1577 1958 1783 2049 ὁμοίᾳ
1811 1965 2093 2048 μαντικῇ
2120 1956 2326 2047 ταύτῃ

92 2064 412 2150 ἳὸἿφίλους
458 2057 700 2140 αὐτοὺς
744 2061 1076 2144 ἐποιεῖτο,
1133 2065 1428 2142 πολλοὺς
1484 2068 1618 2131 τῶν
1674 2064 2097 2150 προσιόντων
2155 2068 2328 2146 πέμ-

175 2192 323 2232 πων
368 2159 483 2232 ἑπ’
538 2158 779 2244 αὐτοὺς
825 2169 1062 2254 λέγων·

245 2261 350 2345 Ἐς
390 2266 663 2352 Κλάρον
706 2269 851 2336 ἵεσο
896 2274 1043 2351 νῦν,
1099 2263 1351 2354 τοῦμοῦ
1397 2269 1660 2353 πατρὸς
1701 2265 1794 2345 ὥς
1845 2262 1968 2335 ὄπ’
2022 2262 2325 2354 ἀκούσῃς.

173 2373 280 2436 καὶ
325 2369 570 2436 πάλιν·

255 2472 684 2558 Βραγχιδέων
732 2471 1038 2540 ἀδύτοισι
1085 2473 1368 2553 πελάζεο
1412 2476 1524 2539 καὶ
1567 2472 1720 2539 κλύε
1759 2479 2090 2561 χρησμῶν.

178 2576 282 2639 καὶ
330 2560 569 2651 αὖθις·

250 2670 350 2754 Ἐς
395 2674 684 2742 Μαλλὸν
725 2675 928 2760 χώρει
970 2675 1422 2761 θεσπίσματά
1464 2670 1530 2742 τ’
1573 2670 2040 2764 Ἀμφιλόχοιο.

344 2784 445 2846 30.
500 2782 730 2845 Ταῦτα
771 2778 893 2862 μὲν
937 2778 1124 2857 ἐντός
1164 2784 1299 2847 τῶν
1343 2773 1520 2868 ὅρων
1563 2784 1755 2865 μέχρι
1790 2782 1909 2866 τῆς
1932 2775 2186 2856 Ἰωνίας
2215 2779 2327 2843 καὶ
2356 2794 2432 2849 30

184 2882 484 2958 Κιλικίας
527 2882 641 2946 καὶ
685 2882 1174 2969 Παφλαγονίας
1216 2885 1328 2948 καὶ
1375 2882 1734 2958 Γαλατίας.
1824 2876 1917 2958 ὥς
1961 2881 2035 2946 δὲ
2089 2882 2203 2947 καὶ
2262 2879 2329 2956 ἐς

183 2978 290 3067 τὴν
325 2975 613 3049 Ἰταλίαν
659 2982 1049 3072 διεφοίτησε
1091 2988 1212 3050 τοῦ
1255 2990 1575 3068 μαντείου
1620 2981 1697 3050 τὸ
1745 2984 1934 3060 κλέος
1970 2985 2082 3048 καὶ
2114 2981 2181 3059 ἐς
2208 2979 2329 3070 τὴν

180 3077 505 3167 Ῥωμαίων
563 3082 771 3151 πόλιν
828 3085 1171 3168 ἐνέπεσεν,
1234 3083 1456 3165 οὐδεὶς
1512 3078 1701 3163 ὅστις
1758 3078 1876 3151 οὐκ
1933 3079 2134 3162 ἄλλος
2192 3082 2324 3167 πρὸ

189 3180 376 3251 ἄλλου
419 3179 773 3275 ἠπείγετο,
832 3188 899 3254 οἶ
944 3189 1065 3272 μὲν
1119 3182 1309 3256 αὐτοὶ
1367 3188 1612 3269 ἰόντες,
1672 3188 1740 3254 οἱ
1796 3187 1868 3253 δὲ
1924 3190 2325 3268 πέμποντες,

187 3291 287 3354 καὶ
326 3287 626 3372 μάλιστα
673 3288 739 3354 οἱ
785 3289 1238 3358 δυνατώτατοι
1281 3295 1394 3359 καὶ
1437 3295 1749 3376 μέγιστον
1809 3286 2073 3371 ἀξίωμα
2132 3286 2200 3353 ἐν
2243 3294 2328 3375 τῇ

191 3389 375 3456 πόλει
440 3390 732 3472 ἔχοντες,
801 3385 893 3457 ὦν
959 3396 1232 3477 πρῶτος
1296 3396 1409 3460 καὶ
1473 3389 2010 3478 κορυφαιότατος
2076 3388 2329 3474 ἐγένετο

187 3484 647 3572 Ῥουτιλιανός,
710 3485 877 3580 ἀνὴρ
932 3492 1015 3560 τὰ
1075 3496 1197 3580 μὲν
1257 3491 1430 3561 ι’ίλλα
1470 3492 1673 3571 καλὸς
1729 3495 1842 3559 καὶ
1899 3486 2164 3577 ἀγαθὸς
2218 3494 2331 3557 καὶ

55 3680 56 3691 ¹
111 3590 257 3657 ᾶέν
308 3594 592 3671 πολλαῖς
649 3594 881 3673 τάξεσι
920 3592 1310 3682 Ῥωμαϊκαῖς
1369 3597 1837 3684 ἐξητασμένος,
1896 3593 1980 3660 τὰ
2040 3593 2112 3660 δὲ
2172 3596 2332 3677 περὶ

195 3693 334 3771 τοὺς
375 3693 589 3772 θεοὺς
633 3696 814 3763 πάνυ
861 3704 1074 3766 νοσῶν
1118 3703 1232 3766 καὶ
1278 3693 1610 3765 ἀλλόκοτα
1652 3700 1811 3781 περὶ
1855 3690 2074 3763 αὐτῶν
2120 3720 2331 3761 πεπι-

200 3794 463 3874 στευκώς
504 3799 618 3863 καὶ
666 3797 727 3864 εἰ
769 3798 975 3883 μόνον
1020 3796 1467 3890 ἀληλιμμένον
1510 3825 1646 3866 που
1694 3801 1898 3866 λίθον
1954 3788 1997 3887 ἢ
2045 3796 2330 3883 ἐστεφα-

204 3903 470 3982 νωμένον
535 3900 907 3984 θεάσαιτο,
976 3909 1437 3989 προσπίπτων
1507 3896 1712 3980 εὐθὺς
1774 3905 1885 3968 καὶ
1945 3901 2332 3982 προσκυνῶν

204 4005 296 4068 καὶ
343 4000 453 4068 ἐπὶ
496 4002 672 4070 πολὺ
720 4003 1076 4089 παρεστώς
1119 4008 1228 4071 καὶ
1279 3998 1627 4088 εὐχόμενος
1672 4005 1782 4069 καὶ
1838 3996 2114 4088 τάγαθὰ
2169 3996 2325 4084 παρ’

1957 4102 2023 4154 8*
