2800 4500
768 239 897 292 ΠΩΣ
933 240 1040 292 AB!
1074 238 1375 322 ΙΣΤΟΡῙΑΝ
1410 238 1829 291 ΣΥΓΓΡΑΦΕῙΝ.
2294 239 2368 296 17

211 413 736 495 Μεσοποταμίᾳ
778 403 983 493 ᾤκισε
1026 413 1300 494 μεγέθει
1329 432 1403 473 τε
1432 413 1746 495 μεγίστην
1789 411 1899 474 καὶ
1944 407 2172 476 κάλλει
2213 412 2372 475 καλ-

213 511 485 596 λίστην·
540 509 641 577 ἔτι
684 514 913 593 μέντοι
957 508 1315 575 ἐπισκοπεῖ
1358 513 1469 576 καὶ
1517 508 2021 592 διαβουλεύεται
2064 511 2199 577 ε’ίτε
2244 519 2373 578 Νί-

211 637 416 678 καιαν
464 606 671 699 αὐτὴν
717 605 856 677 ἀπὸ
904 615 1022 700 τῆς
1078 616 1259 698 νίκης
1310 609 1432 697 χρὴ
1492 605 1950 694 ὀνομάζεσθαι
2000 611 2134 678 ε’ίτε
2171 609 2373 695 Ὁμό-

212 738 411 779 νοιαν
457 714 592 779 ε’ίτε
626 713 960 799 Εἰρηνίαν.
1034 715 1144 777 καὶ
1188 716 1387 778 τοῦτο
1433 713 1554 795 μὲν
1589 712 1686 779 ἔτι
1733 709 2000 798 ἄκριτον
2042 716 2152 780 καὶ
2201 709 2374 780 ἀνιό-

211 838 424 896 νυμος
496 811 655 903 ἡμῖν
720 810 760 902 ἡ
827 813 991 903 καλὴ
1067 813 1268 892 πόλις
1342 812 1587 902 ἐκείνη,
1665 814 1863 903 λήρου
1935 815 2190 880 πολλοῦ
2261 819 2372 880 καὶ

209 915 494 1003 κορύζης
539 919 985 1003 συγγραφικῆς
1035 919 1360 1001 γέμουσα·
1420 913 1505 981 τὰ
1554 909 1617 980 δ’
1670 915 1738 981 ἐν
1787 916 2016 993 Ἰνδοῖς
2059 920 2374 1005 πραχθη-

214 1016 473 1100 σόμενα
517 1013 841 1100 ὑπέσχετο
885 1013 1010 1104 ἤδη
1056 1015 1345 1103 γράψειν
1373 1016 1634 1084 καὶτὸν
1680 1019 2054 1102 περίπλουν
2099 1021 2215 1104 τῆς
2247 1018 2371 1097 ἔξω

214 1119 601 1205 θαλάττης,
659 1123 773 1185 καὶ
820 1112 934 1201 οὐχ
977 1114 1339 1199 ὑπόσχεσις
1383 1121 1595 1185 ταῦτα
1638 1118 1874 1203 μόνον,
1923 1114 2092 1185 ἀλλὰ
2138 1123 2248 1186 καὶ
2292 1119 2368 1187 τὸ

215 1226 585 1305 προοίμιον
639 1225 759 1308 τῆς
808 1214 1081 1306 Ἰνδικῆς
1138 1215 1262 1308 ἤδη
1323 1225 1787 1301 συντέτακται,
1844 1224 1955 1288 καὶ
2010 1219 2087 1287 τὸ
2148 1228 2373 1307 τρίτον

211 1322 440 1408 τάγμα
481 1325 591 1389 καὶ
639 1323 705 1388 οἱ
750 1323 996 1388 Κελτοὶ
1040 1324 1153 1387 καὶ
1198 1320 1504 1409 Μαύρων
1545 1336 1751 1409 μοῖρα
1794 1317 1982 1411 ὀλίγη
2030 1321 2148 1388 σὺν
2186 1328 2374 1389 Κασ-

216 1430 349 1510 atqu
395 1423 644 1501 πάντες
691 1418 878 1490 οὗτοι
935 1422 1464 1510 ἐπεραιώθησαν
1520 1422 1637 1490 τὸν
1674 1419 1877 1490 Ἰνδὸν
1934 1423 2274 1506 ποταμόν·
2336 1415 2374 1489 ὅ

210 1551 282 1592 τι
354 1524 427 1591 δὲ
492 1525 862 1612 πράξουσιν
927 1516 968 1611 ἢ
1035 1528 1183 1603 πῶς
1250 1525 1556 1604 δέξονται
1621 1525 1739 1612 τὴν
1798 1528 1931 1591 τῶν
1992 1524 2373 1612 ἐλεφάντων

115 1651 185 1703 43
215 1626 572 1707 ἐπέλασιν,
629 1622 746 1692 οὐκ
804 1626 871 1705 ἐς
913 1626 1175 1713 μακρὰν
1232 1622 1391 1714 ἡμῖν
1437 1623 1472 1693 0‘
1519 1625 1918 1710 θαυμαστὸς
1962 1625 2374 1714 συγγραφεὺς

217 1720 362 1794 ἀπὸ
402 1728 813 1815 Μουζίριδος
840 1754 880 1818 η
915 1723 1044 1795 ἀπ’
1075 1723 1489 1814 Ὀξυδρακῶν
1522 1728 1878 1795 ἐπιστελεῖ.
1956 1733 2057 1794 32.
2090 1732 2371 1795 τοιαῦτα
2390 1743 2466 1800 32

216 1827 445 1895 πολλὰ
489 1823 614 1895 ὑπ’
668 1824 1118 1908 ἀπαιδευσίας
1178 1831 1485 1919 ληροῦσι,
1546 1829 1630 1896 τὰ
1676 1831 1796 1914 μὲν
1854 1824 2176 1916 ἀξιόρατα
2223 1824 2374 1894 οὔτε

216 1926 508 2014 ὁρῶντες
554 1925 722 2012 οὔτ’,
772 1931 831 1997 εἰ
873 1934 1220 2016 βλέποιεν,
1282 1926 1429 1998 κατ>
1485 1926 1679 2011 ἀξίαν
1739 1932 1956 1998 εἰπεῖν
2002 1930 2375 2014 δυνάμενοι,

216 2030 646 2110 ἐπινοοῦντες
693 2033 764 2099 δὲ
809 2035 918 2099 καὶ
968 2027 1539 2114 ἀναπλάττοντες,
1597 2027 1636 2100 ὅ
1680 2059 1747 2101 τι
1790 2058 1899 2099 κεν
1946 2027 2060 2098 ἐπ’
2116 2027 2376 2118 ἀκαιρί-

214 2158 353 2215 μαν
397 2134 722 2218 γλῶσσαν,
772 2140 1001 2221 φασίν,
1056 2135 1260 2222 ἔλθῃ,
1308 2137 1417 2202 καὶ
1467 2135 1582 2202 ἐπὶ
1626 2139 1722 2221 τῶ
1771 2129 2048 2221 ἀριθμῶ
2092 2139 2225 2201 τῶν
2268 2141 2376 2217 βι-

212 2236 426 2318 βλίων
479 2233 579 2302 ἔτι
635 2236 1140 2321 σεμνυνόμενοι,
1195 2240 1307 2304 καὶ
1362 2236 1657 2320 μάλιστα
1715 2236 1830 2305 ἐπὶ
1889 2251 2039 2315 ταῖς
2097 2235 2375 2324 ἐπιγρα-

216 2350 417 2423 φαῖς·
463 2339 576 2403 καὶ
618 2337 743 2424 γὰρ
790 2325 871 2404 αύ
901 2341 1009 2406 καὶ
1059 2334 1259 2406 αὗται
1304 2343 1727 2425 παγγέλοιοι·
1773 2342 1892 2404 τοῦ
1938 2339 2153 2416 δεῖνος
2182 2346 2376 2424 Παρ-

215 2442 436 2505 θικῶν
466 2442 662 2506 νικῶν
692 2438 967 2507 τοσάδε·
1013 2444 1121 2508 καὶ
1160 2427 1271 2506 αὖ·
1319 2441 1680 2526 Παρθίδος
1715 2443 2004 2525 πρῶτον,
2052 2440 2375 2527 δεύτερον,

216 2536 313 2617 ὥς
348 2534 675 2617 Ἀτθίδος
721 2541 918 2629 δῆλον
950 2535 1075 2609 ὅτι.
1154 2538 1353 2620 ἄλλος
1399 2536 1823 2628 ἀστειότερον
1855 2541 2042 2626 παρὰ
2089 2542 2262 2608 πολύ
2298 2580 2378 2590 -

215 2636 507 2727 ἀνέγνων
535 2641 661 2729 γὰρ
686 2681 769 2691 -
789 2648 1179 2732 Δημητρίου
1210 2645 1696 2730 Σαγαλασσέως
1718 2638 2194 2730 Παρθυηνικά·
2232 2697 2245 2711 .
2274 2695 2290 2710 .
2317 2695 2333 2710 .
2361 2693 2375 2706 .

217 2737 367 2810 οὐδ’
410 2740 499 2821 ὥς
530 2742 597 2809 ἐν
625 2746 866 2829 γέλωτι
895 2745 1329 2832 ποιήσασθαι
1358 2748 1467 2811 καὶ
1502 2745 1894 2828 ἐπισκῶψαι
1923 2744 2046 2824 τὰς
2078 2747 2378 2833 ἱστορίας

216 2838 394 2911 οὕτω
439 2844 646 2923 καλὰς
692 2842 914 2927 οὔσας,
962 2841 1130 2913 ἀλλὰ
1162 2855 1280 2914 τοῦ
1319 2854 1647 2935 χρησίμου
1694 2846 1909 2912 ἕνεκα·
1959 2842 2049 2924 ῶς
2080 2841 2266 2925 ὅστις
2299 2837 2377 2913 ἀν

214 2950 431 3012 ταῦτα
472 2950 585 3013 καὶ
616 2946 700 3013 τὰ
731 2951 1009 3014 τοιαῦτα
1054 2949 1283 3037 φεύγῃ,
1330 2948 1506 3015 πολὺ
1551 2953 1751 3035 μέρος
1781 2945 1904 3036 ’ἤδη
1945 2947 2010 3026 ἐς
2039 2947 2115 3015 τὸ
2150 2942 2378 3034 ὀρθῶς

131 3048 626 3137 4Ἀσυγγράφειν
672 3042 864 3127 οὗτος
907 3053 1301 3139 προείληφε,
1345 3052 1600 3135 μᾶλλον
1632 3050 1704 3116 δὲ
1734 3044 1975 3134 ὀλίγων
2021 3049 2121 3117 ἔτι
2165 3072 2378 3135 προσ-

217 3151 466 3232 δεῖται,
527 3149 594 3216 εἴ
631 3173 705 3235 γε
749 3145 1004 3240 ἀληθὲς
1049 3150 1254 3220 ἐκεῖνό
1304 3175 1512 3240 φησιν
1556 3148 1594 3238 ἡ
1645 3151 2048 3240 διαλεκτική,
2110 3148 2202 3228 ὦς
2244 3154 2378 3217 τῶν

215 3247 489 3336 ἀμέσων
531 3248 571 3339 ἡ
625 3257 921 3339 θατέρου
982 3250 1176 3338 ἄρσις
1232 3253 1306 3321 τὸ
1370 3254 1593 3340 ἕτερον
1651 3252 1924 3331 πάντως
1981 3247 2377 3338 ἀντεισάγει.

217 3359 323 3420 33.
368 3355 482 3420 καὶ
514 3351 592 3442 δὴ
623 3352 698 3419 τὸ
742 3361 988 3441 χωρίον
1036 3379 1163 3436 σοι,
1212 3363 1382 3443 φαίη
1428 3381 1532 3434 τις
1578 3351 1679 3436 ἅν,
1722 3348 2012 3442 ἀκριβῶς
2058 3349 2474 3429 ἀνακεκά-ΒΒ

215 3461 478 3541 θαρται
520 3458 634 3522 καὶ
682 3457 757 3522 αἵ
789 3482 862 3524 τε
907 3453 1223 3539 ἄκανθαι,
1270 3455 1527 3524 ὁπόσαι
1569 3444 1758 3542 ἦσαν,
1804 3461 1915 3525 καὶ
1958 3457 2162 3542 βάτοι
2206 3457 2381 3525 ἐκκε-

215 3563 546 3642 κομμέναι
591 3558 744 3640 εἰσί,
788 3564 873 3625 τα
908 3560 980 3626 δὲ
1009 3564 1139 3625 τῶν
1185 3555 1405 3626 ἄλλων
1453 3558 1720 3641 ἐρείπια
1748 3556 1871 3648 ἤδη
1906 3551 2378 3648 ἐκπεφόρηται,

216 3663 329 3726 καὶ
356 3660 423 3726 εἴ
439 3686 509 3727 τι
529 3659 732 3747 τραχύ
755 3647 855 3746 ἦν,
881 3657 1005 3751 ἤδη
1030 3664 1361 3728 καὶτοῦτο
1388 3661 1567 3729 λεῖόν
1592 3660 1790 3728 ἐστιν.
1845 3654 2018 3727 ὥστε
2042 3658 2380 3746 οἰκοδόμει

216 3789 287 3831 τι
326 3758 452 3851 ἤδη
497 3766 610 3830 καὶ
659 3757 897 3844 αὐτός,
924 3760 1014 3841 ὥς
1059 3763 1277 3850 δείξῃς
1321 3758 1439 3830 οὐκ
1481 3757 1861 3850 ἀνατρέψαι
1904 3764 2110 3848 μόνον
2140 3762 2213 3830 τὸ
2247 3768 2380 3830 τῶν

216 3862 442 3932 ἄλλων
485 3865 806 3952 γεννάδας
850 3860 973 3946 ὤν,
1028 3859 1198 3932 ἀλλά
1245 3890 1312 3932 τι
1355 3868 1464 3931 καὶ
1516 3860 1715 3943 αὐτὸς
1761 3865 2117 3954 ἐπινοῆσαι
2163 3864 2380 3944 δεξιὸν

216 3970 330 4035 καὶ
364 3966 401 4034 ὃ
437 3962 657 4046 ούδεὶς
687 3962 788 4048 ὀῖν,
836 3962 986 4035 ἀλλ’
1041 3962 1183 4033 οὐδ’
1224 3965 1258 4035 ό
1294 3971 1562 4050 Μῶμος
1590 3968 2057 4054 μωμήσασθαι
2090 3967 2378 4035 δύναιτο.

321 4077 493 4121 Ιιιιοίοῑι
521 4077 579 4121 11.
608 4079 646 4120 1.
2043 4071 2073 4119 2
