2800 4500
1062 288 1562 341 SUPPLERENTA.
2252 288 2373 347 291

206 470 358 542 χίας
401 496 486 506 -
529 457 614 543 ἦν
642 459 664 544 Ι
689 483 806 524 om.
851 497 936 509 —
980 484 1035 525 c.
1070 470 1170 526 39.
1215 473 1589 529 τελευταῖον
1627 463 1647 548 Ι
1683 474 2051 543 τελευταῖος
2093 502 2176 511 -
2209 464 2378 531 Ῥου-

209 572 374 629 τιλλ.
423 562 444 646 Ι
476 561 739 630 Ῥουτιλ.
792 600 866 611 -
919 565 1292 643 οἰκονόμων
1335 563 1513 643 τινὸς
1540 562 1563 649 Ι
1588 587 1703 628 om.
1747 565 1924 644 τινὸς
1966 603 2051 614 -
2094 571 2375 648 ἐγίγνετο

205 664 414 749 Ιέγίν.
465 668 665 749 -,έν
709 676 802 752 τῷ
843 672 1016 753 μέσῳ
1057 665 1078 749 Ι
1119 688 1235 730 om.
1280 678 1374 754 τῷ
1419 704 1499 712 -
1550 665 1679 732 ὑπὸ
1721 667 1977 734 κόλπου
2003 666 2026 751 Ι
2052 668 2184 734 ὑπὸ
2225 668 2377 734 κόλ·

208 793 384 844 πους
426 803 511 812 —-
558 767 619 851 ἰὴ
658 768 681 851 Ι
723 789 837 830 om.
884 805 959 815 —

389 891 442 931 c.
478 877 579 932 40.
634 881 901 957 χρησμῷ
942 870 965 955 Ι
999 880 1315 952 χρηισμῶι
1371 906 1457 916 -
1509 880 1819 954 βληθεῖσα
1861 890 1879 953 ῃ
1924 880 2229 953 κληθεῖσα
2287 907 2375 916 -

205 993 261 1034 c.
309 980 415 1034 41.
462 979 564 1035 42.
608 972 853 1055 ηὔχουν
897 973 916 1055 Ι
958 972 1238 1056 ηὔχοντο
1294 1009 1378 1019 -
1440 994 1493 1036 c.
1526 981 1627 1037 43.
1679 990 1948 1055 χρυσοῖς
1990 972 2311 1055 γράμμασι
2353 971 2376 1056 Ι

204 1100 302 1156 ro·
353 1101 453 1157 xo·
504 1110 589 1122 -
632 1079 750 1158 ἔφη
779 1075 800 1160 Ι
827 1098 943 1139 0¹11·
1001 1113 1085 1123 -
1122 1082 1523 1162 χρησμῳδῶν
1551 1075 1571 1159 Ι
1597 1083 2019 1159 κοηισιιωὸὠν
2061 1111 2146 1121 -
2181 1096 2373 1157 κρησ-

203 1174 401 1259 τήρια
429 1175 450 1260 ΙΙ
472 1176 848 1260 χρηιστήρια
893 1215 976 1225 —
1012 1188 1288 1261 χρησμοί
1316 1177 1337 1261 Ι
1365 1199 1481 1240 om.
1524 1206 1546 1243 ι
1588 1214 1675 1224 —-
1709 1177 2001 1261 χρησμὸν
2028 1175 2050 1260 Ι
2075 1199 2190 1240 om.
2221 1207 2243 1243 ι
2286 1213 2371 1223 —-

201 1286 469 1366 Λεπίδῳ
499 1283 760 1363 ἑταῖρον
787 1279 807 1364 Ι
836 1280 1267 1363 λεπιδώτερον
1297 1286 1382 1343 sic
1430 1316 1510 1325 —
1557 1285 1692 1345 ἐπεί
1719 1287 1783 1347 οἱ
1812 1291 1867 1347 λ.
1902 1282 1911 1327 ⁸
1952 1284 2083 1346 ἐπεὶ
2114 1279 2151 1364 ἡ
2181 1291 2237 1347 λ.
2286 1319 2371 1329 -

200 1404 256 1445 c.
293 1390 403 1444 44.
441 1382 542 1447 Σὺ
567 1387 788 1460 μέντοι
818 1381 838 1465 Ι
866 1381 947 1448 σὺ
973 1390 1091 1460 μὲν
1117 1418 1206 1429 —-
1235 1400 1669 1464 προσαγαγεῖν
1698 1384 1716 1466 Ι
1744 1382 2095 1466 προσάγειν
2128 1419 2203 1429 -
2238 1392 2371 1465 ζῶν

195 1495 220 1580 Ι
265 1506 391 1548 om.
437 1521 520 1530 --
565 1483 973 1564 α’ναπλεῦσας
1013 1486 1034 1570 Ι
1076 1486 1313 1551 α’ποπλ.
1380 1522 1456 1532 -
1518 1485 1903 1568 κᾰπειδήπερ
1960 1484 2311 1567 ἐβράδυνεν
2354 1485 2374 1568 ΙΙ

197 1585 476 1669 κάπειδὴ
518 1586 1003 1669 παρεβράδυνεν
1046 1627 1130 1637 —-
1165 1586 1452 1670 χρησμὸς
1493 1586 1512 1669 Ι
1546 1587 1854 1670 χρηισμὸς
1898 1624 1983 1634 -
2027 1608 2081 1649 c.
2116 1596 2217 1649 45.
2261 1595 2371 1651 καὶ

249 1744 263 1755 .
305 1743 319 1755 .
362 1687 796 1771 κληθήσεσθαι
824 1689 845 1772 Ι
874 1710 990 1751 om.
1019 1726 1101 1735 —-
1132 1688 1308 1755 πάνυ
1339 1716 1354 1767 ι
1386 1710 1501 1751 om.
1546 1726 1629 1735 —
1674 1711 1728 1752 c.
1761 1697 1862 1752 46.
1908 1696 1966 1754 εἰ
2005 1694 2069 1754 δέ
2113 1714 2314 1755 τινων
2352 1686 2374 1772 Ι

199 1799 259 1857 εί
286 1796 360 1857 δέ
388 1816 536 1856 τινα
567 1827 649 1836 -
680 1789 810 1873 πρὸ
837 1803 985 1869 μιᾶς
1013 1791 1034 1873 [Ι
1060 1801 1467 1873 παρανομίας
1512 1827 1590 1837 --
1637 1795 1920 1873 ἐγίγνετο
1948 1790 1970 1875 Ι
1997 1795 2242 1870 ἐγένετο
2288 1826 2367 1835 -

199 1915 254 1956 c.
290 1901 399 1956 47.
446 1892 538 1972 ὡς
584 1894 827 1976 οἶσθαΙΙ
869 1915 982 1955 om.
1029 1894 1119 1971 ὡς
1162 1928 1247 1940 —
1290 1893 1697 1975 κεφαλαιώδη
1738 1893 1758 1976 Ι
1802 1900 2236 1974 κεφαλαιώδες
2288 1929 2371 1939 —

196 2004 478 2074 κομίσας
519 1994 541 2080 Ι
581 2004 840 2073 κομίσαι
883 2031 968 2042 -
1011 1999 1279 2061 ἔκαυσεν
1324 1995 1343 2077 Ι
1384 2000 1724 2061 ἐκέλαυσεν
1741 1999 1819 2073 (2³)
1879 2032 1959 2042 —
2016 1999 2310 2075 ἐξέβαλεν
2352 1991 2375 2078 Ι

197 2102 548 2179 ἐξέβαλλεν
591 2134 676 2144 -
721 2096 899 2163 ὅσων
941 2098 1036 2178 α’γ.
1069 2098 1090 2181 Ι
1118 2105 1280 2164 οἵων
1311 2098 1408 2178 α’γ.
1458 2134 1543 2145 -
1586 2109 1904 2179 περιττῶν
1949 2102 2115 2163 ε’πιθ.
2163 2096 2184 2180 Ι
2224 2104 2371 2179 περὶ

195 2211 343 2268 τῶν
382 2204 547 2267 ἐπιθ.
600 2237 685 2247 -
731 2199 822 2279 ὡς
865 2201 1128 2284 άληθῶς
1171 2200 1192 2285 Ι
1234 2223 1349 2265 om.
1381 2200 1471 2280 ὡς
1515 2236 1597 2247 -—
1642 2199 1774 2267 ὕπὸ
1814 2201 1837 2284 Ι
1879 2222 1995 2264 om.
2038 2237 2122 2247 —
2165 2205 2308 2284 δᾳδὶ
2348 2194 2373 2281 Ι

199 2303 396 2370 ὕδατι
426 2340 510 2349 -
542 2303 728 2388 ὀρθῷ
757 2301 776 2385 Ι
802 2325 918 2366 om.
962 2340 1045 2349 —-
1089 2304 1358 2387 α’ληθείᾳ
1387 2304 1408 2389 Ι
1436 2325 1550 2366 om.
1594 2332 1616 2368 ι
1659 2340 1744 2353 —
1789 2325 1843 2365 ο.
1877 2310 1978 2366 48.
2014 2300 2372 2383 Ῥουτιλλ.Ι

201 2417 460 2473 Ρουτιλ.
497 2443 580 2453 —-
611 2404 720 2473 ὅτε
746 2406 899 2484 θεὸς
927 2405 947 2489 Ι
974 2406 1012 2472 ὁ
1035 2416 1097 2473 θ.
1132 2444 1214 2453 -
1243 2407 1648 2489 ὀρειτρεᾳὲας
1668 2405 1691 2488 Ι
1710 2407 1908 2489 ὀριτρ.
1946 2443 2029 2452 —-
2058 2401 2372 2487 α’θρόωνΙ

199 2508 464 2592 α’θρόον
506 2545 593 2555 -
639 2530 691 2570 e.
725 2517 828 2572 49.
866 2508 1257 2592 χρηστήριον
1284 2510 1305 2593 Ι
1332 2531 1447 2573 om.
1482 2537 1503 2573 ι
1545 2546 1629 2556 —-
1659 2509 2038 2591 α’πεκρίνετο
2066 2507 2086 2590 Ι
2113 2508 2371 2589 α’πεκρί-

199 2638 372 2678 νατο
402 2648 485 2657 -
515 2610 844 2694 ὑπέγραφε
871 2612 890 2695 l}
921 2615 1235 2694 ἐπέγραψε
1279 2647 1360 2657 -
1402 2627 1710 2694 χρησμοῖς
1736 2608 1759 2693 Ι
1786 2633 1901 2673 om.
1947 2638 1969 2675 ι
2013 2648 2097 2656 -
2140 2618 2247 2675 καὶ
2290 2608 2371 2675 τὸ

199 2724 517 2781 τοιοῦτον
545 2710 567 2795 Ι
594 2739 759 2779 κατα
800 2741 852 2779 τ.
892 2741 944 2780 τ.
991 2750 1078 2758 -
1122 2717 1224 2778 ἐπὶ
1267 2711 1484 2799 τούτῳ
1514 2713 1534 2795 fl
1562 2716 1665 2778 ἐπὶ
1708 2723 1908 2780 τοῦτο
1952 2749 2037 2760 -
2082 2714 2372 2790 άπολαμ-

198 2813 554 2896 βανόντων
595 2812 615 2900 Ι
658 2837 771 2877 om.
816 2816 946 2881 α’πο
995 2849 1071 2860 --
1119 2812 1198 2898 ἦν
1225 2812 1250 2898 Ι
1273 2824 1515 2897 γίνεται

383 2938 436 2978 c.
473 2924 572 2979 50.
633 2915 712 2982 σύ
768 2943 837 2998 γε
879 2916 1091 2982 πάντα
1134 2916 1155 3000 Ι
1199 2916 1279 2982 σὺ
1335 2916 1415 2982 τὰ
1470 2915 1683 2982 πάντα
1731 2952 1807 2960 -
1857 2923 2017 2995 ἰδίας
2059 2915 2079 2999 Ι
2123 2916 2370 2998 ἅκαρην

202 3059 285 3068 -
335 3019 675 3085 ἀποτίνων
717 3017 736 3101 Ι
779 3019 1144 3085 α’ποτείνων
1187 3055 1270 3065 -
1314 3018 1383 3092 δί,
1432 3017 1452 3101 Ι
1493 3023 1726 3098 lacuna,
1773 3021 1891 3080 del.
1935 3017 2009 3100 δὴ
2053 3055 2136 3064 -
2181 3025 2373 3083 εἰσαΐ-

201 3150 302 3202 οις
346 3119 371 3205 Ι
411 3126 654 3200 ἐσαΐοις
696 3160 781 3170 -
838 3120 1157 3204 εἰσοράοις
1198 3118 1221 3204 Ι
1261 3120 1559 3203 έσοράαις
1618 3156 1695 3166 -
1754 3120 1886 3186 ὑπὸ
1932 3129 2028 3205 σῷ
2071 3131 2124 3186 λ.
2173 3119 2195 3204 Ι
2237 3120 2367 3186 ὑπὸ

201 3236 297 3312 τῷ
337 3235 394 3291 λ.
443 3262 529 3271 —-
572 3229 966 3290 κατέπτυσεν
1010 3224 1094 3289 ἂν
1134 3223 1157 3307 Ι
1198 3223 1280 3288 ἂν
1324 3250 1461 3289 κατ.
1512 3260 1595 3269 —-
1641 3244 1693 3284 c.
1728 3231 1828 3285 51.
1874 3225 2087 3304 ἔροιτο
2133 3219 2374 3306 φωνῇΙ

201 3353 265 3407 φ.
306 3330 395 3409 ἔρ.
443 3364 528 3373 -
574 3325 664 3405 ὡς
694 3329 764 3390 ἐν
794 3354 845 3392 τ.
891 3323 914 3410 Ι
954 3347 1069 3388 om.
1115 3325 1204 3403 ὡς
1248 3362 1332 3372 -
1375 3324 1645 3392 λύοιντό
1688 3350 1755 3390 τε
1796 3321 1819 3408 Ι
1861 3321 2142 3389 δίδοιντό
2185 3348 2255 3389 τε
2282 3359 2370 3369 -

201 3427 431 3512 Μόρφι
478 3432 859 3511 έβαργουλις
902 3435 988 3506 εἰς
1032 3427 1216 3510 σκιὴν
1254 3433 1675 3510 χνέγχικραγκ
1726 3434 1929 3506 λείψει
1973 3423 2142 3505 φάος
2168 3424 2190 3509 Ι
2214 3451 2373 3508 μορ-

202 3542 329 3613 φεῦ
397 3530 767 3615 βάργουλος
834 3530 1443 3612 ἰσχιάηνεχιψιδάος
1489 3532 1600 3595 δεῖ)
1672 3568 1755 3576 —
1815 3550 1868 3591 c.
1918 3535 2017 3591 52.
2072 3527 2311 3606 ’ίλλως
2354 3525 2376 3611 Ι

201 3635 405 3712 ἄλλος
451 3672 534 3679 -
579 3632 753 3711 ὅλως
779 3629 801 3717 Ι
827 3631 1033 3698 ἄλλωι
1079 3670 1162 3677 -
1206 3635 1324 3714 ἔφη
1367 3632 1532 3715 [om.
1578 3669 1662 3679 —-
1705 3637 1958 3712 πέμψας
2005 3650 2073 3695 σε
2100 3628 2122 3716 Ι
2147 3652 2263 3694 om.
2301 3648 2369 3695 σε

200 3774 282 3784 -
315 3745 578 3818 λῃστῶν
606 3735 627 3819 Ι
655 3745 767 3818 τῆς
809 3744 944 3800 τῶν
970 3770 1043 3781 -
1076 3755 1128 3796 c.
1157 3741 1256 3796 53.
1286 3732 1499 3814 μάλαχ
1518 3733 1571 3816 ἸΙ
1600 3733 1772 3812 μάλα
1802 3773 1887 3781 —
1915 3731 2151 3816 ἌττιςΙ
2178 3732 2369 3814 ἄττης

203 3879 283 3888 -
329 3839 534 3917 ἄλλος
574 3838 596 3923 Ι
638 3837 801 3903 ἄλλο
845 3875 930 3884 -
974 3840 1042 3902 ἐν
1087 3835 1205 3902 δύο
1249 3845 1306 3914 β.
1342 3835 1362 3921 ΙΙ
1391 3857 1505 3900 om.
1552 3840 1621 3902 ἐν
1664 3873 1749 3883 -
1792 3847 1915 3903 τοῦ
1961 3839 2120 3913 ἐμοῦ
2166 3845 2370 3900 νεανί-

201 3963 366 4010 σκου
408 3942 431 4025 Ι
472 3950 594 4007 τοῦ
652 3948 997 4006 νεανίσκου
1055 3949 1175 4005 τοτ’
1233 3942 1390 4016 ἐμοῦ
1435 3975 1520 3985 -
1564 3940 1670 4020 ἐφ’
1715 3938 1816 4005 ὅτι
1874 3934 1983 4021 ἧκε
2027 3935 2049 4021 Ι
2089 3940 2207 4019 ἔφη
2267 3935 2370 4002 ὅτι

196 4045 336 4134 ἥκει
380 4082 468 4091 --
509 4048 799 4121 Κυτμίδα
840 4041 860 4125 Ι
908 4048 1150 4120 Υμιτίδι
1201 4077 1274 4087 -
1335 4048 1603 4122 κελῆτος
1645 4041 1664 4123 Ι]
1706 4049 1813 4106 καὶ
1867 4049 2103 4123 λητοῦς
2149 4076 2234 4086 -
2278 4038 2369 4118 ὡς

1958 4142 2054 4195 19*
