2800 4500
168 438 202 480 c.
229 426 311 481 11.

167 644 203 682 c.
228 630 314 685 12.

165 1450 320 1505 (3.12,

166 1563 202 1606 c.
230 1553 316 1608 13.

973 245 1441 299 -TYRANNlcmA.
2158 247 2281 304 323

346 424 625 501 διαφέρει
671 422 755 499 δέ,
805 423 934 483 εἰπέ
977 445 1108 499 μοι,
1153 428 1227 483 τί
1255 473 1268 486 .
1305 472 1318 485 .
1355 473 1367 485 .
1402 415 1730 502 ῆδιαᾳέρει
1776 423 1840 483 δέ
1885 446 1972 500 τι,
2019 424 2149 483 εἰπέ
2177 445 2288 496 μοι

344 523 506 582 Βῧᾶῐ.
554 523 711 598 (εἰπέ
751 529 865 596 μοί
907 548 968 584 τι
1018 522 1092 598 21)
1143 557 1227 569 --

346 631 452 688 καὶ
482 622 603 705 γὰρ
642 620 956 704 ἠβούλετο
988 632 1110 688 τοῦ
1156 626 1725 705 πεπραγμένου
1772 625 1916 688 ἴσον
1960 630 2287 703 γίγνεσθαι

344 723 428 789 τὸ
474 734 611 806 τῆς
658 723 1097 810 αἰτίαςΙΙτῴ
1143 730 1684 811 πεπραγμένῳ
1725 729 2037 809 (usitatius,
2085 748 2286 806 quam-

350 849 522 905 quam
552 832 863 906 genetivus
892 829 1037 890 ferri
1065 833 1281 906 potest)
1302 875 1318 889 .
1336 874 1350 889 .
1368 874 1384 889 .
1415 826 1499 892 τὸ
1528 838 1659 909 τῆς
1690 834 1933 906 αἰτίας
1960 830 2123 893 det.
2168 833 2287 892 Pro

345 928 421 996 τὸ
464 940 577 1012 τῆς
623 936 826 1008 αἰτίας
874 928 1032 994 21?ss
1070 936 1226 993 1324
1274 933 1498 992 habent
1540 929 1616 995 τὸ
1661 940 1772 1013 τῆς
1818 930 2027 1008 άδείας
2073 954 2109 993 a
2152 953 2286 995 sen-

346 1037 657 1097 tentiarum
703 1053 860 1095 nexu
904 1037 1178 1095 alienum.
1253 1037 1440 1096 Recte
1487 1037 1671 1095 enim:
1718 1036 1961 1114 „Voluit
2002 1038 2102 1097 lex
2132 1038 2286 1097 idem

345 1140 548 1198 valere
610 1155 848 1198 causam
906 1139 1331 1213 consiliumque
1375 1137 1521 1198 facti
1568 1157 1744 1214 quam
1788 1138 2008 1199 factum
2052 1137 2291 1216 ipsum“

347 1242 383 1300 i.
419 1259 467 1301 e.
517 1242 703 1321 yoluit
744 1243 805 1301 in
851 1241 1058 1301 eadem
1106 1243 1283 1316 culpa
1329 1258 1461 1301 esse
1510 1243 1610 1315 qui
1655 1245 1856 1301 auctor
1894 1241 2004 1302 fuit
2046 1244 2290 1303 sceleris

349 1344 642 1421 patrandi,
692 1362 866 1419 quam
911 1346 1012 1420 qui
1054 1345 1253 1404 scelus
1293 1346 1573 1419 patravit.
1618 1376 1627 1386 ·

347 1442 605 1525 περιττὴ
650 1443 948 1509 λοιπὸν
993 1443 1027 1526 ᾗ·
1075 1448 1352 1523 ἐξέτασις
1381 1442 1403 1527 [Ι
1430 1442 1725 1509 λοιπὸν
1771 1464 1894 1507 om.
1941 1447 2102 1508 det.

349 1549 484 1611 εἶτα
512 1555 634 1612 τοῦ
673 1543 1009 1628 τυράννου
1055 1551 1642 1626 πεφονευμένου
1686 1544 1803 1627 τὴν
1835 1553 2044 1611 αἰτίαν
2089 1572 2289 1630 παρα-

349 1647 565 1729 σχόντι
610 1658 720 1730 τῆς
767 1659 1011 1731 σφαγῆς
1056 1650 1182 1715 οὐκ
1239 1648 1595 1727 ἀποδώσεις
1640 1647 1757 1730 τὴν
1801 1650 2049 1732 δωρεάν
2064 1679 2087 1730 ,·
2123 1650 2142 1733 ΙΙ
2184 1652 2286 1713 Of-

349 1755 644 1815 fendimur
676 1755 834 1829 quod
863 1759 999 1830 post
1032 1756 1518 1832 πεφονευμένον
1548 1757 1606 1813 in
1637 1757 1942 1830 permultis
1989 1756 2290 1816 codicibus

353 1851 531 1917 211*ss
571 1860 728 1917 1324
764 1861 855 1917 est
898 1854 1530 1937 άνεληλυθότος.
1609 1858 1822 1918 Tacito
1865 1859 2137 1934 plerique
2170 1859 2292 1919 edi·

353 1959 534 2035 terea,
580 1959 663 2032 (et
692 1978 784 2019 me
816 1961 1007 2036 ipsum
1037 1979 1199 2020 reum
1248 1978 1378 2020 esse
1410 1959 1603 2020 fateor
1632 1960 1803 2020 huius
1849 1963 2108 2040 erroris),
2157 1959 2294 2023 άνε-

355 2057 723 2137 ληλυθότος
780 2065 1114 2123 omiserunt.
1204 2062 1352 2141 Sed,
1391 2081 1539 2121 *cum
1595 2065 1654 2121 in
1700 2065 1934 2139 optimis
1992 2064 2293 2123 codicibus

351 2162 717 2242 inveniatur,
775 2165 1096 2224 videndum
1143 2169 1264 2244 est,
1321 2183 1460 2223 num
1503 2167 1733 2224 servari
1783 2168 1984 2240 possit.
2073 2163 2294 2247 άνελη-

354 2261 577 2341 menig
624 2270 714 2326 est
756 2270 899 2346 „qui
943 2266 1177 2328 rediit“.
1264 2269 1435 2327 Haec
1479 2270 1658 2344 igitur
1702 2268 1935 2329 videtur
1976 2269 2294 2330 verborum

355 2370 676 2427 sententia:
724 2373 1050 2447 „tyrannus
1084 2369 1431 2430 interfectus
1462 2371 1999 2447 (πεφονευμένου)
2046 2373 2098 2431 si
2139 2373 2292 2431 redi-

358 2470 465 2528 erit
510 2467 1036 2551 (ιῖνεληλυθότος)
1076 2491 1195 2533 non
1239 2473 1452 2533 dabitis
1495 2474 1823 2548 praemium
1863 2474 1918 2533 ei
1948 2475 2049 2548 qui
2094 2474 2293 2533 caedis

354 2576 555 2631 auctor
583 2572 791 2632 fuitP4‘
843 2577 1254 2651 Res‘ponsuros
1285 2580 1485 2636 orator
1515 2575 1701 2654 fingit,
1736 2593 1869 2635 esse
1901 2593 2002 2635 eos
2034 2576 2292 2637 daturos,

418 2705 424 2716 ·
518 2675 684 2735 Idem
740 2675 868 2737 fere
925 2679 1120 2753 paulo
1162 2677 1318 2737 infra
1359 2678 1574 2737 dicitur
1618 2677 1693 2738 de
1755 2678 1962 2738 exsilio
2012 2675 2293 2754 (ἐλάσας)

358 2777 562 2836 eodem
594 2780 822 2854 capite:
865 2785 929 2841 τί
956 2775 1076 2860 γάρ
1090 2804 1113 2856 ;
1156 2778 1298 2858 οὐχὶ
1329 2785 1436 2842 καὶ
1482 2775 1782 2856 ἐξελάσας
1825 2803 1922 2854 τις
1965 2775 2294 2860 τύραννον

354 2875 465 2958 ἤδη
496 2876 684 2959 τιμὴν
715 2881 899 2957 ἔλαβε
929 2878 1498 2962 τυραννοκτόνου;
1525 2878 1697 2957 μάλα
1723 2886 1999 2958 δικαίως.
2062 2884 2295 2959 Nempe

356 2984 841 3057 quemadmodum
880 2987 935 3045 ei
978 2988 1303 3062 praemium
1344 2985 1718 3044 tribuendum
1751 2990 1840 3044 est
1870 2986 1971 3059 qui
2000 2984 2299 3044 interfecit

351 3088 414 3142 ut
458 3087 512 3145 ei
557 3088 658 3160 qui
700 3087 1090 3146 interficiendi
1135 3091 1338 3147 auctor
1380 3087 1492 3146 fuit
1545 3088 1643 3147 vel
1698 3088 1750 3146 si
1808 3088 1908 3160 qui
1951 3086 2295 3147 interfectus

358 3188 683 3248 est-redire
727 3194 950 3267 posset,
994 3208 1113 3249 non
1157 3193 1346 3266 magis
1388 3190 1727 3265 negandum
1772 3192 1930 3248 esset
1970 3190 2295 3264 praemium

355 3292 576 3350 auctori
619 3290 819 3370 fugae,
870 3294 1042 3351 etiam
1088 3295 1139 3351 si
1187 3294 1357 3353 exsul
1399 3292 1591 3351 factus
1639 3291 1874 3350 rediret.

523 3392 696 3465 Quod
751 3395 986 3469 quidem
1042 3399 1203 3454 recte
1249 3395 1499 3454 iudicari
1555 3391 1866 3453 manifesto
1923 3390 2298 3452 confirmatur

354 3495 740 3570 sequentibus
779 3496 1023 3557 verbis:
1091 3493 1168 3560 τὸ
1226 3500 1290 3560 δὲ
1349 3493 1476 3559 ὑπ’
1520 3496 1679 3571 ἐμοῦ
1736 3496 2153 3574 γεγενημένον
2214 3492 2298 3558 οῖ’

357 3594 522 3678 φυγὴ
568 3595 718 3662 οὐδὲ
764 3601 1062 3679 δευτέρας
1106 3595 1594 3674 ἐπαναστάσεως
1640 3599 1818 3673 έλπίς
1864 3649 1876 3661 .
1926 3648 1939 3660 .

166 3705 209 3747 G·
235 3697 320 3756 14.
349 3706 479 3780 τῆς
524 3697 846 3781 γνώμης
886 3699 1089 3782 μόνης
1129 3698 1311 3779 ἄξιός
1342 3705 1463 3777 εἰμι
1495 3708 1803 3776 τιμᾶσθαι
1832 3697 1850 3781 ΙΙ
1881 3701 2104 3780 ἐκτῆς
2135 3694 2298 3777 γνώ-

354 3824 470 3882 μης
514 3803 679 3864 det.
727 3804 816 3864 Of.
865 3823 914 3865 c.
955 3809 1241 3880 14‘supra
1285 3804 1362 3866 ἒκ
1394 3828 1462 3881 γε
1492 3811 1606 3883 τῆς
1649 3799 1906 3882 γνώμης
1951 3799 2146 3881 αὐτῆς
2191 3823 2298 3863 κα·-

355 3902 673 3969 ταστάντα
715 3930 790 3982 με
834 3909 1022 3987 γέρας
1067 3904 1297 3982 ἀξιοῦν
1343 3901 1713 3981 λαμβάνειν.

169 4012 210 4056 c.
238 4003 325 4063 15.
356 4003 439 4068 τὸ
484 4003 570 4089 δὴ
616 4004 780 4088 ἄχρι
806 4016 941 4071 τῶν
987 4005 1337 4090 τυράννων
1382 4003 1925 4090 προσελθεῖνΙΙτὸ
1968 4008 2043 4069 δὲ
2091 4003 2158 4068 21.

1882 4105 1980 4157 21*
