2800 4500
879 262 1181 317 ΑΔΗΘΟΥΣ
1215 261 1513 315 ΙΣΤΟΡΙΑΣ
1549 265 1605 313 Α.
2236 257 2311 315 27

99 582 147 631 ⁷⁰
685 564 1228 648 ΑΛΗΘΟῩΣ
1273 563 1785 648 ΙΣΤΟΡΙΑΣ

922 704 1172 756 ΛΟΓΟΣ
1207 704 1540 756 ΠΡΩΤΟΣ.

329 847 385 906 1.
424 831 686 923 (Ώσπερ
731 851 875 914 τοῖς
934 831 1329 924 ἀθλητικοῖς
1380 839 1492 904 καὶ
1537 839 1695 922 περὶ
1741 835 1859 923 τὴν
1903 839 2037 902 τῶν
2084 834 2312 919 σωμά-
2350 852 2384 904 1

164 964 286 1005 των
352 938 748 1023 ἐπιμέλειαν
806 934 1200 1027 ἠσκημένοις
1258 932 1334 1005 οὗ
1391 941 1512 1026 τῆς
1577 932 1833 1016 εὐεξίας
1897 938 2103 1021 μόνον
2162 931 2313 1004 οὐδὲ

164 1046 285 1107 τῶν
328 1049 719 1126 γυμνασίων
765 1047 1043 1129 φροντίς
1089 1040 1287 1120 ἐστιν,
1337 1034 1509 1105 ἀλλὰ
1552 1043 1662 1106 καὶ
1708 1043 1826 1125 τῆς
1869 1039 2039 1107 κατὰ
2083 1039 2315 1125 καιρὸν

164 1148 503 1231 γινομένης
550 1138 838 1221 ἀνέσεως
880 1181 966 1191 -
1010 1147 1212 1228 μέρος
1252 1145 1411 1228 γοῦν
1454 1146 1573 1228 τῆς
1618 1136 1957 1231 ἀσκήσεως
1999 1141 2076 1209 τὸ
2125 1142 2314 1228 μέγι-

165 1267 312 1310 στον
370 1239 580 1331 αὐτὴν
636 1241 1231 1330 ὑπολαμβάνουσιν
1275 1283 1359 1293 -
1413 1236 1586 1310 οὕτω
1648 1242 1725 1331 δὴ
1784 1247 1894 1311 καὶ
1952 1258 2097 1322 τοῖς
2155 1247 2314 1329 περὶ

163 1345 304 1424 τοὺς
362 1347 604 1433 λόγους
663 1345 1155 1413 ἐσπουδακόσιν
1209 1342 1500 1432 ἡγοῦμαι
1553 1345 1914 1433 προσήκειν
1967 1345 2137 1429 μετὰ
2195 1346 2314 1435 τὴν

164 1448 407 1537 πολλὴν
475 1453 614 1515 τῶν
682 1447 1227 1529 σπουδαιοτέρων
1295 1441 1670 1534 ἀνάγνωσιν
1738 1442 1995 1516 ἀνιέναι
2061 1456 2135 1516 τε
2196 1448 2316 1536 τὴν

165 1550 459 1618 διάνοιαν
509 1554 621 1617 καὶ
668 1550 841 1636 πρὸς
884 1549 999 1618 τὸν
1048 1549 1287 1617 ἔπειτα
1330 1549 1627 1633 κάματον
1682 1544 2132 1637 ἀκμαιοτέραν
2179 1576 2316 1617 πα-

163 1653 604 1735 ρασκευάζειν.
695 1660 754 1720 2.
800 1653 1058 1737 γένοιτο
1108 1646 1174 1718 δ’
1219 1642 1301 1718 ἀν
1347 1651 1632 1738 ἐμμελὴς
1674 1649 1714 1741 ἡ
1762 1647 2143 1731 ἀνάπαυσις
2191 1647 2308 1719 αὖ·
2344 1665 2383 1721 2

161 1767 323 1835 τοῖς,
384 1755 446 1821 εἰ
498 1768 639 1832 τοῖς
697 1754 1034 1831 τοιούτοις
1087 1757 1222 1820 τῶν
1281 1747 1821 1839 ἀναγνωσμάτων
1878 1752 2209 1839 ὁμιλοῖεν,
2271 1755 2313 1820 ἃ

161 1855 240 1942 μὴ
283 1857 498 1939 μόνον
545 1856 613 1922 ἐκ
644 1859 759 1922 τοῦ
806 1850 1078 1923 ἀστείου
1122 1880 1196 1921 τε
1234 1858 1351 1925 καὶ
1390 1862 1735 1940 χαρίεντος
1779 1855 1988 1942 ψιλὴν
2032 1857 2313 1943 παρέξει

161 1958 272 2043 τὴν
325 1965 801 2045 ψυχαγωγίαν,
872 1953 1040 2024 ἀλλά
1098 1984 1252 2024 τινα
1308 1960 1419 2023 καὶ
1484 1963 1787 2045 θεωρίαν
1846 1952 1962 2025 οὐκ
2020 1956 2313 2043 ἄμουσον

99 2072 143 2121 '11
165 2058 599 2142 ἐπιδείξεται,
661 2061 803 2127 οἶόν
847 2086 916 2127 τι
957 2065 1071 2127 καὶ
1117 2063 1277 2147 περὶ
1334 2060 1544 2126 τῶνδε
1593 2064 1727 2127 τῶν
1786 2062 2314 2147 συγγραμμάτων

165 2164 516 2254 φρονήσειν
560 2160 1053 2249 ὑπολαμβάνω·
1102 2157 1179 2228 οὗ
1223 2161 1346 2250 γὰρ
1391 2156 1599 2245 μόνον
1639 2162 1716 2229 τὸ
1754 2163 1937 2241 ξένον
1981 2168 2098 2251 τῆς
2141 2161 2314 2230 ὓπο-

162 2266 409 2344 θὲσεως
459 2260 614 2333 οὐδὲ
657 2265 733 2332 τὸ
777 2266 1007 2350 χάριεν
1049 2269 1166 2353 τῆς
1211 2264 1673 2352 προαιρέσεως
1723 2264 2073 2352 ἐπαγωγὸν
2119 2267 2312 2336 ἔσται

166 2361 376 2448 αὐτοῖς
424 2362 573 2436 οὐδ’
627 2368 737 2435 ὅτι
781 2369 1141 2453 ψεύσματα
1199 2370 1482 2434 ποικίλα
1525 2371 1845 2446 πιθανῶς
1890 2393 1961 2434 τε
2005 2371 2116 2435 καὶ
2164 2368 2312 2436 ἐνα-

165 2470 378 2556 λήθως
451 2470 958 2558 ἐξενηνόχαμεν,
1036 2463 1186 2535 ἀλλ’
1261 2463 1370 2536 ὅτι
1437 2473 1549 2536 καὶ
1615 2473 1748 2536 τῶν
1824 2471 2311 2557 ἱστορουμένων

165 2570 427 2640 ἕκαστον
488 2567 605 2640 οὐκ
661 2567 1128 2662 ἀκωμῳδήτως
1194 2571 1367 2656 πρός
1422 2597 1612 2650 τινας
1666 2567 1930 2659 ᾔνικται
1984 2576 2117 2640 τῶν
2175 2600 2311 2641 πα-

102 2743 105 2748 ,
164 2675 355 2741 λαιῶν
405 2678 711 2763 ποιητῶν
748 2699 825 2740 τε
852 2677 961 2741 καὶ
1011 2674 1442 2760 συγγραφέων
1486 2677 1597 2741 καὶ
1644 2675 2044 2801 φιλοσόφωγ
2090 2663 2312 2745 πολλὰ

163 2778 471 2863 τεράστια
515 2780 626 2844 καὶ
679 2770 964 2864 μυθώδη
1026 2776 1609 2862 συγγεγραφότων,
1670 2801 1783 2854 ους
1827 2780 1935 2843 καὶ
1986 2772 2312 2862 ονομαστὶ

165 2904 234 2942 αν
277 2879 591 2966 ε’γραφον,
639 2877 699 2944 εἰ
742 2877 832 2963 μὴ
878 2880 989 2944 καὶ
1037 2903 1213 2963 αυτῳ
1262 2900 1373 2943 σοι
1420 2876 1489 2943 ἐκ
1532 2880 1650 2966 τῆς
1696 2871 2132 2964 ἀναγνώσεως
2177 2907 2312 2968 φα-

166 2988 427 3048 νεῖσθαι
466 2979 760 3063 ε’μελλον.
838 2984 896 3046 3.
929 2986 1232 3067 Κτησίας
1262 2976 1296 3045 ὃ
1333 2978 1708 3067 Κτησιόχου
1740 3007 1775 3046 ο
1810 2983 2088 3060 Κνίδιος
2119 2977 2307 3051 συνὲ-
2342 3001 2381 3055 3

163 3095 370 3168 γραψε
417 3086 576 3167 περὶ
604 3086 726 3170 τῆς
758 3076 980 3149 Ινδῶν
1019 3106 1242 3168 χωρας
1271 3084 1382 3147 καὶ
1412 3084 1547 3147 τῶν
1591 3107 1732 3165 παρ
1812 3078 2040 3161 αὐτοῖς
2071 3084 2113 3150 ἃ
2145 3086 2313 3173 μήτε

167 3178 352 3263 αὐτὸς
401 3182 538 3251 εἶδε
580 3185 749 3271 μήτε
801 3180 1006 3251 ἄλλου
1066 3183 1328 3262 ἰδόντος
1385 3178 1683 3272 ἤκουσεν.
1775 3183 2028 3270 ἔγραψε
2074 3186 2146 3252 δὲ
2201 3190 2308 3254 καὶ

158 3275 528 3369 Ἰαμβοῦλος
573 3288 729 3370 περὶ
778 3289 914 3351 τῶν
945 3284 1013 3350 ἐν
1044 3288 1123 3372 τῇ
1165 3284 1417 3371 μεγάλῃ
1464 3284 1770 3372 θαλάττῃ
1819 3285 2038 3351 πολλὰ
2087 3288 2311 3372 παρά-

171 3386 348 3469 δοξα,
406 3387 738 3473 γνώριμον
796 3387 916 3470 μὲν
975 3379 1196 3453 ἅπασι
1236 3385 1311 3452 τὸ
1362 3387 1615 3470 ψεῦδος
1672 3387 2136 3470 πλασάμενος,
2199 3384 2314 3457 οὐκ

110 3498 154 3548 ’12
171 3481 415 3578 ἀτερπῆ
447 3490 519 3555 δὲ
551 3482 734 3572 ὅμως
777 3491 1051 3566 συνθεὶς
1080 3488 1198 3576 τὴν
1229 3485 1591 3555 ὑπόθεσιν.
1668 3491 1912 3555 πολλοὶ
1947 3490 2019 3556 δὲ
2048 3494 2160 3559 καὶ
2194 3488 2312 3558 ἀλ·-

173 3592 266 3657 λοι
291 3592 375 3658 τὰ
410 3586 580 3658 αὐτὰ
617 3591 882 3667 τούτοις
926 3590 1369 3676 προελόμενοι
1418 3596 1843 3677 συνέγραψαν
1890 3588 1983 3671 ῶς
2014 3594 2093 3683 δή
2124 3621 2313 3673 τινας

171 3690 405 3761 ἑαυτῶν
451 3694 716 3772 πλάνας
744 3719 818 3760 τε
846 3696 957 3760 καὶ
998 3687 1386 3783 ἀποδημίας
1431 3699 1695 3780 θηρίων
1723 3719 1797 3760 τε
1826 3694 2079 3783 μεγέθη
2129 3698 2311 3764 ἱστο-

172 3800 419 3877 ροῦντες
463 3800 577 3864 καὶ
637 3790 1027 3880 ἀνθρώπων
1083 3789 1431 3883 ὠμότητας
1487 3799 1599 3862 καὶ
1655 3802 1824 3880 βίων
1879 3798 2308 3886 καινότητας·

175 3889 435 3987 ἀρχηγὸς
481 3900 554 3966 δὲ
602 3892 831 3977 αὗτοῖς
876 3901 989 3965 καὶ
1041 3897 1445 3975 διδάσκαλος
1488 3901 1605 3986 τῆς
1649 3895 1961 3986 τοιαύτης
2002 3903 2310 3984 βωμολο-

171 4006 303 4079 χίας
346 3999 381 4068 ὁ
430 4006 551 4068 τοῦ
605 3998 888 4089 Ὁμήρου
943 3994 1328 4080 Ὀδυσσεύς,
1386 4014 1529 4075 τοῖς
1588 4004 1741 4085 περὶ
1801 4000 1918 4066 τὸν
1966 3995 2310 4071 Ἀλκίνοον
