<?xml version="1.0" encoding="UTF-8"?>
<!DOCTYPE html PUBLIC "-//W3C//DTD XHTML 1.0 Transitional//EN"
    "http://www.w3.org/TR/xhtml1/DTD/xhtml1-transitional.dtd">
<html xmlns="http://www.w3.org/1999/xhtml" xml:lang="en" lang="en">
 <head>
  <title>
</title>
<meta http-equiv="Content-Type" content="text/html;charset=utf-8" />
  <meta name='ocr-system' content='tesseract 3.04.00' />
  <meta name='ocr-capabilities' content='ocr_page ocr_carea ocr_par ocr_line ocrx_word'/>
</head>
<body>
  <div class='ocr_page' id='page_1' title='image "./lucianus00sommgoog/lucianus00sommgoog_0345.png"; bbox 0 0 2800 4500; ppageno 0'>
   <div class='ocr_carea' id='block_1_1' title="bbox 56 1799 61 2400">
    <p class='ocr_par' dir='ltr' id='par_1_1' title="bbox 56 1799 61 2400">
     <span class='ocr_line' id='line_1_1' title="bbox 56 1799 61 2400; baseline 0 0"><span class='ocrx_word' id='word_1_1' title='bbox 56 1799 61 2400; x_wconf 95' lang='lat' dir='ltr'><strong><em> </em></strong></span> 
     </span>
    </p>
   </div>
   <div class='ocr_carea' id='block_1_2' title="bbox 57 1799 60 2400">
    <p class='ocr_par' dir='ltr' id='par_1_2' title="bbox 57 1799 60 2400">
     <span class='ocr_line' id='line_1_2' title="bbox 57 1799 60 2400; baseline 0 0"><span class='ocrx_word' id='word_1_2' title='bbox 57 1799 60 2400; x_wconf 95' lang='lat' dir='ltr'><strong><em> </em></strong></span> 
     </span>
    </p>
   </div>
   <div class='ocr_carea' id='block_1_3' title="bbox 60 2762 65 3382">
    <p class='ocr_par' dir='ltr' id='par_1_3' title="bbox 60 2762 65 3382">
     <span class='ocr_line' id='line_1_3' title="bbox 60 2762 65 3382; baseline 0 0"><span class='ocrx_word' id='word_1_3' title='bbox 60 2762 65 3382; x_wconf 95' lang='lat' dir='ltr'><strong><em> </em></strong></span> 
     </span>
    </p>
   </div>
   <div class='ocr_carea' id='block_1_4' title="bbox 57 3917 78 4028">
    <p class='ocr_par' dir='ltr' id='par_1_4' title="bbox 57 3917 78 4028">
     <span class='ocr_line' id='line_1_4' title="bbox 57 3917 78 4028; baseline 0 0"><span class='ocrx_word' id='word_1_4' title='bbox 57 3917 78 4028; x_wconf 46' lang='grc' dir='ltr'><strong><em>ὲκ</em></strong></span> 
     </span>
    </p>
   </div>
   <div class='ocr_carea' id='block_1_5' title="bbox 749 276 2337 336">
    <p class='ocr_par' dir='ltr' id='par_1_5' title="bbox 749 276 2337 336">
     <span class='ocr_line' id='line_1_5' title="bbox 749 276 2337 336; baseline 0.004 -6"><span class='ocrx_word' id='word_1_5' title='bbox 749 277 1143 331; x_wconf 78' lang='lat' dir='ltr'><strong>ALEXANDER</strong></span> <span class='ocrx_word' id='word_1_6' title='bbox 1176 294 1217 331; x_wconf 81' lang='lat' dir='ltr'><strong><em>s.</em></strong></span> <span class='ocrx_word' id='word_1_7' title='bbox 1255 276 1718 332; x_wconf 81' lang='lat' dir='ltr'><strong>PSEUDOMANTl</strong></span> <span class='ocrx_word' id='word_1_8' title='bbox 1726 278 1777 330; x_wconf 87' lang='lat' dir='ltr'><strong><em>S.</em></strong></span> <span class='ocrx_word' id='word_1_9' title='bbox 2215 276 2337 336; x_wconf 82' lang='grc'><strong><em>329</em></strong></span> 
     </span>
    </p>
   </div>
   <div class='ocr_carea' id='block_1_6' title="bbox 244 419 2298 537">
    <p class='ocr_par' dir='ltr' id='par_1_6' title="bbox 244 419 2298 537">
     <span class='ocr_line' id='line_1_6' title="bbox 244 419 2298 537; baseline -0 -21"><span class='ocrx_word' id='word_1_10' title='bbox 244 463 365 518; x_wconf 63' lang='grc'><strong>(1.5.</strong></span> <span class='ocrx_word' id='word_1_11' title='bbox 395 463 507 537; x_wconf 84' lang='grc' dir='ltr'><strong><em>τῆς</em></strong></span> <span class='ocrx_word' id='word_1_12' title='bbox 562 458 789 528; x_wconf 81' lang='grc' dir='ltr'><strong><em>κακίας</em></strong></span> <span class='ocrx_word' id='word_1_13' title='bbox 848 460 982 532; x_wconf 87' lang='grc' dir='ltr'><strong><em>τῆς</em></strong></span> <span class='ocrx_word' id='word_1_14' title='bbox 1041 449 1247 516; x_wconf 78' lang='grc' dir='ltr'><strong><em>αὐτοῦ</em></strong></span> <span class='ocrx_word' id='word_1_15' title='bbox 1279 449 1299 534; x_wconf 84' lang='grc' dir='ltr'><strong><em>ΙΙ</em></strong></span> <span class='ocrx_word' id='word_1_16' title='bbox 1332 459 1447 532; x_wconf 82' lang='grc' dir='ltr'><strong><em>τῆς</em></strong></span> <span class='ocrx_word' id='word_1_17' title='bbox 1502 469 1614 512; x_wconf 87' lang='grc'><strong>0111.</strong></span> <span class='ocrx_word' id='word_1_18' title='bbox 1670 444 1818 515; x_wconf 90' lang='grc' dir='ltr'><strong><em>ΨΒ.</em></strong></span> <span class='ocrx_word' id='word_1_19' title='bbox 1881 419 1964 494; x_wconf 52' lang='lat'><strong><em>-4</em></strong></span> <span class='ocrx_word' id='word_1_20' title='bbox 2030 442 2298 527; x_wconf 82' lang='grc' dir='ltr'><strong><em>Θόωνος</em></strong></span> 
     </span>
    </p>
   </div>
   <div class='ocr_carea' id='block_1_7' title="bbox 406 548 1188 633">
    <p class='ocr_par' dir='ltr' id='par_1_7' title="bbox 406 548 1188 633">
     <span class='ocr_line' id='line_1_7' title="bbox 406 548 1188 633; baseline -0.006 -10"><span class='ocrx_word' id='word_1_21' title='bbox 406 566 630 633; x_wconf 78' lang='grc' dir='ltr'><strong><em>θῶνος</em></strong></span> <span class='ocrx_word' id='word_1_22' title='bbox 673 557 771 616; x_wconf 99' lang='lat' dir='ltr'><strong><em>Fr.</em></strong></span> <span class='ocrx_word' id='word_1_23' title='bbox 826 550 1051 631; x_wconf 83' lang='grc' dir='ltr'><strong><em>θωνός</em></strong></span> <span class='ocrx_word' id='word_1_24' title='bbox 1095 548 1188 618; x_wconf 93' lang='grc' dir='ltr'><strong><em>Ψ.</em></strong></span> 
     </span>
    </p>
   </div>
   <div class='ocr_carea' id='block_1_8' title="bbox 245 651 2346 742">
    <p class='ocr_par' dir='ltr' id='par_1_8' title="bbox 245 651 2346 742">
     <span class='ocr_line' id='line_1_8' title="bbox 245 651 2346 742; baseline 0.001 -22"><span class='ocrx_word' id='word_1_25' title='bbox 245 680 288 720; x_wconf 77' lang='lat' dir='ltr'><strong><em>e.</em></strong></span> <span class='ocrx_word' id='word_1_26' title='bbox 315 667 368 724; x_wconf 89' lang='grc'><strong><em>6.</em></strong></span> <span class='ocrx_word' id='word_1_27' title='bbox 392 655 890 742; x_wconf 78' lang='grc' dir='ltr'><strong><em>χρονογράφῳ</em></strong></span> <span class='ocrx_word' id='word_1_28' title='bbox 912 653 1393 742; x_wconf 66' lang='grc' dir='ltr'><strong><em>Εχορογράφῳ</em></strong></span> <span class='ocrx_word' id='word_1_29' title='bbox 1424 652 1776 719; x_wconf 83' lang='grc' dir='ltr'><strong>ΠΩΨΓΒ</strong></span> <span class='ocrx_word' id='word_1_30' title='bbox 1802 692 1886 702; x_wconf 90' lang='grc'>-</span> <span class='ocrx_word' id='word_1_31' title='bbox 1916 651 2346 739; x_wconf 80' lang='grc' dir='ltr'><strong><em>ἐπεκαλεῖτοΙ</em></strong></span> 
     </span>
    </p>
   </div>
   <div class='ocr_carea' id='block_1_9' title="bbox 241 1179 369 1336">
    <p class='ocr_par' dir='ltr' id='par_1_9' title="bbox 241 1179 369 1336">
     <span class='ocr_line' id='line_1_9' title="bbox 243 1179 369 1234; baseline 0 -2"><span class='ocrx_word' id='word_1_32' title='bbox 243 1192 287 1234; x_wconf 81' lang='lat' dir='ltr'><strong><em>e.</em></strong></span> <span class='ocrx_word' id='word_1_33' title='bbox 316 1179 369 1232; x_wconf 87' lang='lat'><strong><em>7.</em></strong></span> 
     </span>
     <span class='ocr_line' id='line_1_10' title="bbox 241 1279 367 1336; baseline 0.008 -2"><span class='ocrx_word' id='word_1_34' title='bbox 241 1294 286 1334; x_wconf 79' lang='lat' dir='ltr'><strong><em>o.</em></strong></span> <span class='ocrx_word' id='word_1_35' title='bbox 312 1279 367 1336; x_wconf 88' lang='lat'><strong><em>8.</em></strong></span> 
     </span>
    </p>
   </div>
   <div class='ocr_carea' id='block_1_10' title="bbox 401 756 2344 1046">
    <p class='ocr_par' dir='ltr' id='par_1_10' title="bbox 401 756 2344 1046">
     <span class='ocr_line' id='line_1_11' title="bbox 403 756 2338 843; baseline -0.001 -17"><span class='ocrx_word' id='word_1_36' title='bbox 403 765 703 826; x_wconf 81' lang='grc' dir='ltr'><strong><em>ἐκαλεῖτο</em></strong></span> <span class='ocrx_word' id='word_1_37' title='bbox 747 761 886 830; x_wconf 64' lang='grc' dir='ltr'><strong><em>ἩΓ.</em></strong></span> <span class='ocrx_word' id='word_1_38' title='bbox 950 795 1033 806; x_wconf 84' lang='grc'><strong>-</strong></span> <span class='ocrx_word' id='word_1_39' title='bbox 1088 756 1279 835; x_wconf 79' lang='grc' dir='ltr'><strong><em>τοὺς</em></strong></span> <span class='ocrx_word' id='word_1_40' title='bbox 1331 757 1692 837; x_wconf 77' lang='grc' dir='ltr'><strong><em>πολλοὺς</em></strong></span> <span class='ocrx_word' id='word_1_41' title='bbox 1749 758 2184 840; x_wconf 79' lang='grc' dir='ltr'><strong><em>ὀνομάζουσιν</em></strong></span> <span class='ocrx_word' id='word_1_42' title='bbox 2227 760 2248 843; x_wconf 68' lang='lat' dir='ltr'>ss</span> <span class='ocrx_word' id='word_1_43' title='bbox 2287 786 2338 825; x_wconf 85' lang='grc' dir='ltr'><strong><em>τ.</em></strong></span> 
     </span>
     <span class='ocr_line' id='line_1_12' title="bbox 404 858 2341 945; baseline -0.002 -17"><span class='ocrx_word' id='word_1_44' title='bbox 404 870 856 939; x_wconf 82' lang='grc' dir='ltr'><strong><em>πλουσίους</em></strong></span> <span class='ocrx_word' id='word_1_45' title='bbox 887 858 937 921; x_wconf 91' lang='grc' dir='ltr'>Γ</span> <span class='ocrx_word' id='word_1_46' title='bbox 968 897 1049 907; x_wconf 87' lang='grc'>-</span> <span class='ocrx_word' id='word_1_47' title='bbox 1080 859 1462 939; x_wconf 84' lang='grc' dir='ltr'><strong><em>ταπεινοὺς</em></strong></span> <span class='ocrx_word' id='word_1_48' title='bbox 1498 859 1518 945; x_wconf 76' lang='grc' dir='ltr'><strong><em>ΙΙ</em></strong></span> <span class='ocrx_word' id='word_1_49' title='bbox 1547 869 1894 928; x_wconf 85' lang='grc' dir='ltr'><strong><em>ταπεινοῦ</em></strong></span> <span class='ocrx_word' id='word_1_50' title='bbox 1927 862 2067 924; x_wconf 84' lang='lat' dir='ltr'><strong>Oob.</strong></span> <span class='ocrx_word' id='word_1_51' title='bbox 2099 863 2211 925; x_wconf 88' lang='lat' dir='ltr'><strong><em>Bk.</em></strong></span> <span class='ocrx_word' id='word_1_52' title='bbox 2244 864 2341 925; x_wconf 88' lang='lat' dir='ltr'><strong><em>Fr.</em></strong></span> 
     </span>
     <span class='ocr_line' id='line_1_13' title="bbox 401 961 2344 1046; baseline 0 -17"><span class='ocrx_word' id='word_1_53' title='bbox 401 1001 484 1014; x_wconf 91' lang='lat'>-</span> <span class='ocrx_word' id='word_1_54' title='bbox 527 980 805 1046; x_wconf 79' lang='grc' dir='ltr'><strong><em>γυναῖκα</em></strong></span> <span class='ocrx_word' id='word_1_55' title='bbox 857 971 1266 1029; x_wconf 79' lang='grc' dir='ltr'><strong><em>πλουσίαν</em></strong></span> <span class='ocrx_word' id='word_1_56' title='bbox 1309 961 1328 1044; x_wconf 94' lang='grc' dir='ltr'><strong><em>ΙΙ</em></strong></span> <span class='ocrx_word' id='word_1_57' title='bbox 1370 973 1474 1029; x_wconf 89' lang='grc' dir='ltr'><strong><em>πλ.</em></strong></span> <span class='ocrx_word' id='word_1_58' title='bbox 1528 966 1702 1026; x_wconf 80' lang='lat' dir='ltr'><strong>eiecit</strong></span> <span class='ocrx_word' id='word_1_59' title='bbox 1742 966 1841 1027; x_wconf 90' lang='lat' dir='ltr'><strong><em>Fr.</em></strong></span> <span class='ocrx_word' id='word_1_60' title='bbox 1902 999 1981 1009; x_wconf 89' lang='lat'>—</span> <span class='ocrx_word' id='word_1_61' title='bbox 2041 961 2344 1046; x_wconf 79' lang='grc' dir='ltr'><strong><em>ἐράσμιον</em></strong></span> 
     </span>
    </p>
   </div>
   <div class='ocr_carea' id='block_1_11' title="bbox 400 1064 2346 1456">
    <p class='ocr_par' dir='ltr' id='par_1_11' title="bbox 401 1064 1915 1151">
     <span class='ocr_line' id='line_1_14' title="bbox 401 1064 1915 1151; baseline -0.001 -18"><span class='ocrx_word' id='word_1_62' title='bbox 401 1074 465 1133; x_wconf 80' lang='grc' dir='ltr'><strong><em>δὲ</em></strong></span> <span class='ocrx_word' id='word_1_63' title='bbox 512 1069 626 1133; x_wconf 80' lang='grc' dir='ltr'><strong><em>ἔτι</em></strong></span> <span class='ocrx_word' id='word_1_64' title='bbox 671 1069 834 1133; x_wconf 83' lang='grc' dir='ltr'><strong><em>εἶναι</em></strong></span> <span class='ocrx_word' id='word_1_65' title='bbox 876 1071 1284 1150; x_wconf 79' lang='grc' dir='ltr'><strong><em>βουλομένην</em></strong></span> <span class='ocrx_word' id='word_1_66' title='bbox 1312 1064 1333 1151; x_wconf 78' lang='grc' dir='ltr'>Ι</span> <span class='ocrx_word' id='word_1_67' title='bbox 1362 1088 1475 1129; x_wconf 89' lang='lat' dir='ltr'><strong><em>om.</em></strong></span> <span class='ocrx_word' id='word_1_68' title='bbox 1523 1069 1639 1132; x_wconf 86' lang='grc' dir='ltr'><strong><em>ἔτι</em></strong></span> <span class='ocrx_word' id='word_1_69' title='bbox 1698 1069 1915 1133; x_wconf 83' lang='grc' dir='ltr'><strong>ΨΠΒ.</strong></span> 
     </span>
    </p>

    <p class='ocr_par' dir='ltr' id='par_1_12' title="bbox 400 1167 1534 1250">
     <span class='ocr_line' id='line_1_15' title="bbox 400 1167 1534 1250; baseline -0.005 -14"><span class='ocrx_word' id='word_1_70' title='bbox 400 1167 563 1236; x_wconf 83' lang='grc' dir='ltr'><strong><em>κατὰ</em></strong></span> <span class='ocrx_word' id='word_1_71' title='bbox 607 1194 697 1234; x_wconf 88' lang='grc' dir='ltr'><strong><em>τα</em></strong></span> <span class='ocrx_word' id='word_1_72' title='bbox 716 1167 862 1235; x_wconf 80' lang='grc' dir='ltr'><strong><em>ὐτὰ</em></strong></span> <span class='ocrx_word' id='word_1_73' title='bbox 891 1167 911 1250; x_wconf 75' lang='grc' dir='ltr'><strong><em>ΙΙ</em></strong></span> <span class='ocrx_word' id='word_1_74' title='bbox 938 1194 992 1235; x_wconf 89' lang='grc' dir='ltr'><strong><em>κ.</em></strong></span> <span class='ocrx_word' id='word_1_75' title='bbox 1042 1167 1119 1233; x_wconf 88' lang='grc' dir='ltr'><strong><em>τὸ</em></strong></span> <span class='ocrx_word' id='word_1_76' title='bbox 1165 1167 1327 1234; x_wconf 80' lang='grc' dir='ltr'><strong><em>αὐτὸ</em></strong></span> <span class='ocrx_word' id='word_1_77' title='bbox 1372 1170 1534 1232; x_wconf 71' lang='lat' dir='ltr'><strong><em>det.</em></strong></span> 
     </span>
    </p>

    <p class='ocr_par' dir='ltr' id='par_1_13' title="bbox 400 1267 2346 1456">
     <span class='ocr_line' id='line_1_16' title="bbox 400 1267 2346 1357; baseline -0.002 -20"><span class='ocrx_word' id='word_1_78' title='bbox 400 1271 452 1337; x_wconf 83' lang='grc' dir='ltr'>ὡ</span> <span class='ocrx_word' id='word_1_79' title='bbox 484 1271 604 1354; x_wconf 79' lang='grc' dir='ltr'><strong><em>γὰρ</em></strong></span> <span class='ocrx_word' id='word_1_80' title='bbox 651 1270 732 1337; x_wconf 82' lang='grc' dir='ltr'><strong><em>ἂν</em></strong></span> <span class='ocrx_word' id='word_1_81' title='bbox 763 1269 782 1354; x_wconf 89' lang='grc' dir='ltr'><strong><em>ΙΙ</em></strong></span> <span class='ocrx_word' id='word_1_82' title='bbox 814 1267 939 1357; x_wconf 79' lang='grc' dir='ltr'><strong><em>[ἂν]</em></strong></span> <span class='ocrx_word' id='word_1_83' title='bbox 973 1272 1139 1334; x_wconf 81' lang='lat' dir='ltr'><strong><em>det.</em></strong></span> <span class='ocrx_word' id='word_1_84' title='bbox 1173 1307 1255 1318; x_wconf 89' lang='lat'><strong>—</strong></span> <span class='ocrx_word' id='word_1_85' title='bbox 1284 1270 1417 1336; x_wconf 78' lang='grc' dir='ltr'><strong><em>ὑπὸ</em></strong></span> <span class='ocrx_word' id='word_1_86' title='bbox 1452 1277 1680 1336; x_wconf 90' lang='grc' dir='ltr'><strong><em>δυεῖν</em></strong></span> <span class='ocrx_word' id='word_1_87' title='bbox 1723 1269 1871 1337; x_wconf 78' lang='grc' dir='ltr'><strong><em>τού</em></strong></span> <span class='ocrx_word' id='word_1_88' title='bbox 1896 1297 1985 1338; x_wconf 92' lang='grc' dir='ltr'><strong><em>το</em></strong></span> <span class='ocrx_word' id='word_1_89' title='bbox 2006 1296 2081 1336; x_wconf 92' lang='grc' dir='ltr'><strong><em>ιν</em></strong></span> <span class='ocrx_word' id='word_1_90' title='bbox 2124 1278 2346 1351; x_wconf 78' lang='grc' dir='ltr'><strong><em>μεγί-</em></strong></span> 
     </span>
     <span class='ocr_line' id='line_1_17' title="bbox 408 1370 2344 1456; baseline -0.001 -17"><span class='ocrx_word' id='word_1_91' title='bbox 408 1392 625 1439; x_wconf 87' lang='grc' dir='ltr'><strong><em>στοιν</em></strong></span> <span class='ocrx_word' id='word_1_92' title='bbox 666 1371 1199 1455; x_wconf 78' lang='grc' dir='ltr'><strong><em>τυραννούμενον</em></strong></span> <span class='ocrx_word' id='word_1_93' title='bbox 1227 1370 1247 1456; x_wconf 70' lang='lat' dir='ltr'>fl</span> <span class='ocrx_word' id='word_1_94' title='bbox 1277 1371 1408 1438; x_wconf 71' lang='grc' dir='ltr'><strong><em>ὑπὸ</em></strong></span> <span class='ocrx_word' id='word_1_95' title='bbox 1453 1378 1501 1439; x_wconf 91' lang='grc' dir='ltr'><strong><em>δ.</em></strong></span> <span class='ocrx_word' id='word_1_96' title='bbox 1537 1388 1718 1439; x_wconf 85' lang='grc' dir='ltr'><strong><em>τοῖν</em></strong></span> <span class='ocrx_word' id='word_1_97' title='bbox 1745 1381 2070 1454; x_wconf 80' lang='grc' dir='ltr'><strong><em>μεγίστοιν</em></strong></span> <span class='ocrx_word' id='word_1_98' title='bbox 2112 1398 2344 1456; x_wconf 88' lang='grc' dir='ltr'><strong><em>τυραν-</em></strong></span> 
     </span>
    </p>
   </div>
   <div class='ocr_carea' id='block_1_12' title="bbox 402 1473 2347 1758">
    <p class='ocr_par' dir='ltr' id='par_1_14' title="bbox 402 1473 2347 1758">
     <span class='ocr_line' id='line_1_18' title="bbox 406 1473 2347 1558; baseline -0.001 -17"><span class='ocrx_word' id='word_1_99' title='bbox 406 1475 815 1553; x_wconf 78' lang='grc' dir='ltr'><strong><em>νούμενον</em></strong></span> <span class='ocrx_word' id='word_1_100' title='bbox 874 1473 1313 1558; x_wconf 79' lang='grc' dir='ltr'><strong><em>τυράννων</em></strong></span> <span class='ocrx_word' id='word_1_101' title='bbox 1369 1478 1470 1537; x_wconf 88' lang='lat' dir='ltr'><strong><em>Fr.</em></strong></span> <span class='ocrx_word' id='word_1_102' title='bbox 1537 1511 1619 1521; x_wconf 93' lang='lat'><strong>—</strong></span> <span class='ocrx_word' id='word_1_103' title='bbox 1676 1473 1818 1558; x_wconf 86' lang='grc' dir='ltr'><strong><em>τὴν</em></strong></span> <span class='ocrx_word' id='word_1_104' title='bbox 1875 1479 2157 1542; x_wconf 78' lang='grc' dir='ltr'><strong><em>ἐλπίδα</em></strong></span> <span class='ocrx_word' id='word_1_105' title='bbox 2214 1483 2347 1542; x_wconf 84' lang='grc' dir='ltr'><strong><em>καὶ</em></strong></span> 
     </span>
     <span class='ocr_line' id='line_1_19' title="bbox 402 1574 2347 1662; baseline 0 -18"><span class='ocrx_word' id='word_1_106' title='bbox 402 1577 542 1644; x_wconf 86' lang='grc' dir='ltr'><strong><em>τὸν</em></strong></span> <span class='ocrx_word' id='word_1_107' title='bbox 588 1576 855 1658; x_wconf 84' lang='grc' dir='ltr'><strong><em>φόβον</em></strong></span> <span class='ocrx_word' id='word_1_108' title='bbox 898 1575 917 1661; x_wconf 84' lang='grc' dir='ltr'><strong><em>ΙΙ</em></strong></span> <span class='ocrx_word' id='word_1_109' title='bbox 962 1577 984 1662; x_wconf 93' lang='grc'>[</span> <span class='ocrx_word' id='word_1_110' title='bbox 1028 1574 1050 1662; x_wconf 90' lang='grc'><strong>]</strong></span> <span class='ocrx_word' id='word_1_111' title='bbox 1100 1579 1243 1642; x_wconf 85' lang='lat' dir='ltr'><strong>Cob.</strong></span> <span class='ocrx_word' id='word_1_112' title='bbox 1289 1581 1385 1640; x_wconf 88' lang='lat' dir='ltr'><strong><em>Fr.</em></strong></span> <span class='ocrx_word' id='word_1_113' title='bbox 1433 1579 1573 1641; x_wconf 83' lang='lat' dir='ltr'><strong>Ddf.</strong></span> <span class='ocrx_word' id='word_1_114' title='bbox 1632 1613 1716 1624; x_wconf 93' lang='lat'><strong><em>——</em></strong></span> <span class='ocrx_word' id='word_1_115' title='bbox 1773 1589 2284 1656; x_wconf 87' lang='grc' dir='ltr'><strong><em>κυκλοῦντες</em></strong></span> <span class='ocrx_word' id='word_1_116' title='bbox 2327 1575 2347 1661; x_wconf 78' lang='grc' dir='ltr'><strong><em>Ι]</em></strong></span> 
     </span>
     <span class='ocr_line' id='line_1_20' title="bbox 402 1676 1119 1758; baseline -0.006 -13"><span class='ocrx_word' id='word_1_117' title='bbox 402 1690 774 1758; x_wconf 78' lang='grc' dir='ltr'><strong><em>κυκῶντες</em></strong></span> <span class='ocrx_word' id='word_1_118' title='bbox 819 1676 1119 1743; x_wconf 79' lang='grc' dir='ltr'><strong>ΩΠΨΓ.</strong></span> 
     </span>
    </p>
   </div>
   <div class='ocr_carea' id='block_1_13' title="bbox 244 1778 2343 1865">
    <p class='ocr_par' dir='ltr' id='par_1_15' title="bbox 244 1778 2343 1865">
     <span class='ocr_line' id='line_1_21' title="bbox 244 1778 2343 1865; baseline 0.001 -20"><span class='ocrx_word' id='word_1_119' title='bbox 244 1791 367 1846; x_wconf 64' lang='grc'><strong>(1.9.</strong></span> <span class='ocrx_word' id='word_1_120' title='bbox 397 1781 557 1865; x_wconf 73' lang='grc' dir='ltr'><strong><em>ὅπερ</em></strong></span> <span class='ocrx_word' id='word_1_121' title='bbox 604 1782 897 1865; x_wconf 76' lang='grc' dir='ltr'><strong><em>α’ληθὲς</em></strong></span> <span class='ocrx_word' id='word_1_122' title='bbox 939 1779 1018 1864; x_wconf 83' lang='grc' dir='ltr'><strong><em>ἦν</em></strong></span> <span class='ocrx_word' id='word_1_123' title='bbox 1048 1781 1067 1865; x_wconf 82' lang='grc' dir='ltr'><strong><em>ΙΙ</em></strong></span> <span class='ocrx_word' id='word_1_124' title='bbox 1097 1804 1210 1845; x_wconf 90' lang='lat' dir='ltr'><strong><em>om.</em></strong></span> <span class='ocrx_word' id='word_1_125' title='bbox 1258 1780 1571 1865; x_wconf 77' lang='grc' dir='ltr'><strong><em>α’ληθὲς.</em></strong></span> <span class='ocrx_word' id='word_1_126' title='bbox 1624 1818 1705 1829; x_wconf 94' lang='lat'><strong><em>-—</em></strong></span> <span class='ocrx_word' id='word_1_127' title='bbox 1748 1784 1818 1844; x_wconf 91' lang='grc' dir='ltr'><em>Β</em></span> <span class='ocrx_word' id='word_1_128' title='bbox 1858 1780 2015 1864; x_wconf 81' lang='grc' dir='ltr'><strong><em>ὅπερ</em></strong></span> <span class='ocrx_word' id='word_1_129' title='bbox 2072 1778 2150 1864; x_wconf 80' lang='grc' dir='ltr'><strong><em>ἦν</em></strong></span> <span class='ocrx_word' id='word_1_130' title='bbox 2196 1781 2343 1865; x_wconf 75' lang='grc' dir='ltr'><strong><em>(ἔλη-</em></strong></span> 
     </span>
    </p>
   </div>
   <div class='ocr_carea' id='block_1_14' title="bbox 218 2505 375 2560">
    <p class='ocr_par' dir='ltr' id='par_1_16' title="bbox 218 2505 375 2560">
     <span class='ocr_line' id='line_1_22' title="bbox 218 2505 375 2560; baseline 0.025 -4"><span class='ocrx_word' id='word_1_131' title='bbox 218 2515 262 2558; x_wconf 79' lang='lat' dir='ltr'><strong><em>o.</em></strong></span> <span class='ocrx_word' id='word_1_132' title='bbox 291 2505 375 2560; x_wconf 89' lang='grc'><strong><em>10.</em></strong></span> 
     </span>
    </p>
   </div>
   <div class='ocr_carea' id='block_1_15' title="bbox 228 3217 379 3276">
    <p class='ocr_par' dir='ltr' id='par_1_17' title="bbox 228 3217 379 3276">
     <span class='ocr_line' id='line_1_23' title="bbox 228 3217 379 3276; baseline 0.06 -9"><span class='ocrx_word' id='word_1_133' title='bbox 228 3217 379 3276; x_wconf 82' lang='grc'><strong>0.11.</strong></span> 
     </span>
    </p>
   </div>
   <div class='ocr_carea' id='block_1_16' title="bbox 400 1882 2346 1968">
    <p class='ocr_par' dir='ltr' id='par_1_18' title="bbox 400 1882 2346 1968">
     <span class='ocr_line' id='line_1_24' title="bbox 400 1882 2346 1968; baseline 0.001 -18"><span class='ocrx_word' id='word_1_134' title='bbox 400 1890 543 1965; x_wconf 72' lang='grc' dir='ltr'><strong><em>θὲς,</em></strong></span> <span class='ocrx_word' id='word_1_135' title='bbox 601 1887 757 1947; x_wconf 84' lang='lat' dir='ltr'>unde</span> <span class='ocrx_word' id='word_1_136' title='bbox 804 1888 903 1947; x_wconf 87' lang='lat' dir='ltr'><strong><em>Fr.</em></strong></span> <span class='ocrx_word' id='word_1_137' title='bbox 950 1887 1104 1948; x_wconf 83' lang='lat' dir='ltr'>bene</span> <span class='ocrx_word' id='word_1_138' title='bbox 1150 1888 1403 1947; x_wconf 79' lang='lat' dir='ltr'><strong>coniecit</strong></span> <span class='ocrx_word' id='word_1_139' title='bbox 1458 1888 1771 1963; x_wconf 83' lang='lat' dir='ltr'>legendum</span> <span class='ocrx_word' id='word_1_140' title='bbox 1827 1905 1961 1947; x_wconf 84' lang='lat' dir='ltr'>esse</span> <span class='ocrx_word' id='word_1_141' title='bbox 2017 1882 2056 1950; x_wconf 77' lang='grc' dir='ltr'><em>ὃ</em></span> <span class='ocrx_word' id='word_1_142' title='bbox 2070 1911 2212 1967; x_wconf 89' lang='grc' dir='ltr'><strong><em>περ</em></strong></span> <span class='ocrx_word' id='word_1_143' title='bbox 2254 1882 2346 1968; x_wconf 79' lang='grc' dir='ltr'><strong><em>ἦν</em></strong></span> 
     </span>
    </p>
   </div>
   <div class='ocr_carea' id='block_1_17' title="bbox 388 1984 2346 2070">
    <p class='ocr_par' dir='ltr' id='par_1_19' title="bbox 388 1984 2346 2070">
     <span class='ocr_line' id='line_1_25' title="bbox 388 1984 2346 2070; baseline 0.002 -21"><span class='ocrx_word' id='word_1_144' title='bbox 388 1988 580 2066; x_wconf 81' lang='lat' dir='ltr'>‘quod</span> <span class='ocrx_word' id='word_1_145' title='bbox 608 2007 706 2050; x_wconf 81' lang='lat' dir='ltr'><strong><em>res</em></strong></span> <span class='ocrx_word' id='word_1_146' title='bbox 738 1987 897 2050; x_wconf 85' lang='lat' dir='ltr'><strong>erat&#39;</strong></span> <span class='ocrx_word' id='word_1_147' title='bbox 928 2009 1039 2051; x_wconf 88' lang='lat' dir='ltr'><strong><em>om.</em></strong></span> <span class='ocrx_word' id='word_1_148' title='bbox 1073 1987 1308 2070; x_wconf 77' lang='grc' dir='ltr'><strong><em>α’ληθὲς</em></strong></span> <span class='ocrx_word' id='word_1_149' title='bbox 1342 1988 1415 2050; x_wconf 85' lang='lat' dir='ltr'><strong><em>cf.</em></strong></span> <span class='ocrx_word' id='word_1_150' title='bbox 1449 2008 1497 2050; x_wconf 78' lang='lat' dir='ltr'><strong><em>e.</em></strong></span> <span class='ocrx_word' id='word_1_151' title='bbox 1533 1994 1605 2049; x_wconf 88' lang='lat'><strong><em>15</em></strong></span> <span class='ocrx_word' id='word_1_152' title='bbox 1638 1990 1915 2068; x_wconf 78' lang='grc' dir='ltr'><strong><em>ἐλπίζων</em></strong></span> <span class='ocrx_word' id='word_1_153' title='bbox 1947 1985 2106 2069; x_wconf 77' lang='grc' dir='ltr'><strong><em>ὅπερ</em></strong></span> <span class='ocrx_word' id='word_1_154' title='bbox 2136 1984 2234 2069; x_wconf 82' lang='grc' dir='ltr'><strong><em>ἦν.</em></strong></span> <span class='ocrx_word' id='word_1_155' title='bbox 2264 2022 2346 2032; x_wconf 87' lang='grc'><strong><em>·-</em></strong></span> 
     </span>
    </p>
   </div>
   <div class='ocr_carea' id='block_1_18' title="bbox 400 2087 2352 4013">
    <p class='ocr_par' dir='ltr' id='par_1_20' title="bbox 400 2087 2347 2476">
     <span class='ocr_line' id='line_1_26' title="bbox 400 2087 2343 2171; baseline -0.003 -16"><span class='ocrx_word' id='word_1_156' title='bbox 400 2096 863 2168; x_wconf 77' lang='grc' dir='ltr'><strong><em>δεισιδαίμονας</em></strong></span> <span class='ocrx_word' id='word_1_157' title='bbox 909 2088 1064 2168; x_wconf 85' lang='grc' dir='ltr'><strong><em>τοὺς</em></strong></span> <span class='ocrx_word' id='word_1_158' title='bbox 1121 2090 1409 2166; x_wconf 81' lang='grc' dir='ltr'><strong><em>πολλοὺς</em></strong></span> <span class='ocrx_word' id='word_1_159' title='bbox 1466 2095 1573 2154; x_wconf 88' lang='grc' dir='ltr'><strong><em>καὶ</em></strong></span> <span class='ocrx_word' id='word_1_160' title='bbox 1619 2097 2026 2167; x_wconf 87' lang='grc' dir='ltr'><strong><em>πλουσίους</em></strong></span> <span class='ocrx_word' id='word_1_161' title='bbox 2067 2087 2086 2171; x_wconf 80' lang='grc' dir='ltr'><strong><em>ΙΙ</em></strong></span> <span class='ocrx_word' id='word_1_162' title='bbox 2128 2091 2343 2170; x_wconf 76' lang='lat' dir='ltr'><strong>Recte3</strong></span> 
     </span>
     <span class='ocr_line' id='line_1_27' title="bbox 406 2190 2343 2273; baseline -0.001 -15"><span class='ocrx_word' id='word_1_163' title='bbox 406 2198 860 2271; x_wconf 84' lang='grc' dir='ltr'><strong><em>δεισιδαίμονες</em></strong></span> <span class='ocrx_word' id='word_1_164' title='bbox 895 2198 1030 2255; x_wconf 82' lang='lat' dir='ltr'><strong>sunt</strong></span> <span class='ocrx_word' id='word_1_165' title='bbox 1074 2196 1228 2255; x_wconf 83' lang='lat' dir='ltr'><strong>enim</strong></span> <span class='ocrx_word' id='word_1_166' title='bbox 1260 2212 1407 2271; x_wconf 81' lang='lat' dir='ltr'>quos</span> <span class='ocrx_word' id='word_1_167' title='bbox 1452 2198 1587 2255; x_wconf 81' lang='lat' dir='ltr'><strong>ante</strong></span> <span class='ocrx_word' id='word_1_168' title='bbox 1632 2195 2041 2255; x_wconf 84' lang='lat' dir='ltr'><strong>nominaverat</strong></span> <span class='ocrx_word' id='word_1_169' title='bbox 2081 2190 2343 2273; x_wconf 77' lang='grc' dir='ltr'><strong><em>ἠλίθιοι,</em></strong></span> 
     </span>
     <span class='ocr_line' id='line_1_28' title="bbox 407 2292 2347 2377; baseline 0 -18"><span class='ocrx_word' id='word_1_170' title='bbox 407 2292 707 2361; x_wconf 81' lang='grc' dir='ltr'><strong><em>πλούσιοι</em></strong></span> <span class='ocrx_word' id='word_1_171' title='bbox 755 2299 856 2374; x_wconf 87' lang='lat' dir='ltr'><strong><em>qui</em></strong></span> <span class='ocrx_word' id='word_1_172' title='bbox 900 2311 1118 2377; x_wconf 84' lang='grc' dir='ltr'><strong><em>παχεῖς</em></strong></span> <span class='ocrx_word' id='word_1_173' title='bbox 1175 2302 1343 2358; x_wconf 81' lang='lat' dir='ltr'><strong>erant</strong></span> <span class='ocrx_word' id='word_1_174' title='bbox 1399 2297 1703 2374; x_wconf 80' lang='lat' dir='ltr'><strong>appellati.</strong></span> <span class='ocrx_word' id='word_1_175' title='bbox 1768 2296 1861 2357; x_wconf 81' lang='lat' dir='ltr'><strong><em>Of.</em></strong></span> <span class='ocrx_word' id='word_1_176' title='bbox 1909 2317 1957 2359; x_wconf 82' lang='lat' dir='ltr'><strong><em>o.</em></strong></span> <span class='ocrx_word' id='word_1_177' title='bbox 1999 2302 2069 2356; x_wconf 87' lang='lat'><strong><em>17</em></strong></span> <span class='ocrx_word' id='word_1_178' title='bbox 2126 2298 2347 2377; x_wconf 89' lang='grc' dir='ltr'><strong><em>παχέσι</em></strong></span> 
     </span>
     <span class='ocr_line' id='line_1_29' title="bbox 408 2395 980 2476; baseline 0.003 -14"><span class='ocrx_word' id='word_1_179' title='bbox 408 2406 511 2462; x_wconf 84' lang='grc' dir='ltr'><strong><em>καὶ</em></strong></span> <span class='ocrx_word' id='word_1_180' title='bbox 559 2395 980 2476; x_wconf 80' lang='grc' dir='ltr'><strong><em>α’παιδεύτοις.</em></strong></span> 
     </span>
    </p>

    <p class='ocr_par' dir='ltr' id='par_1_21' title="bbox 407 2496 2352 3192">
     <span class='ocr_line' id='line_1_30' title="bbox 411 2496 2348 2583; baseline -0.002 -17"><span class='ocrx_word' id='word_1_181' title='bbox 411 2499 715 2583; x_wconf 79' lang='grc' dir='ltr'><strong><em>Ὀλίγης</em></strong></span> <span class='ocrx_word' id='word_1_182' title='bbox 746 2505 810 2566; x_wconf 78' lang='grc' dir='ltr'><strong><em>δὲ</em></strong></span> <span class='ocrx_word' id='word_1_183' title='bbox 841 2509 953 2582; x_wconf 79' lang='grc' dir='ltr'><strong><em>τῆς</em></strong></span> <span class='ocrx_word' id='word_1_184' title='bbox 983 2553 995 2565; x_wconf 93' lang='grc'><strong>.</strong></span> <span class='ocrx_word' id='word_1_185' title='bbox 1027 2552 1081 2565; x_wconf 93' lang='grc'><strong><em>..</em></strong></span> <span class='ocrx_word' id='word_1_186' title='bbox 1121 2497 1446 2577; x_wconf 79' lang='grc' dir='ltr'><strong><em>στάσεως.</em></strong></span> <span class='ocrx_word' id='word_1_187' title='bbox 1484 2553 1497 2565; x_wconf 94' lang='grc'><strong>.</strong></span> <span class='ocrx_word' id='word_1_188' title='bbox 1535 2554 1546 2565; x_wconf 94' lang='grc'><strong>.</strong></span> <span class='ocrx_word' id='word_1_189' title='bbox 1583 2502 1927 2581; x_wconf 82' lang='grc' dir='ltr'><strong><em>γενομένης</em></strong></span> <span class='ocrx_word' id='word_1_190' title='bbox 1953 2496 1972 2581; x_wconf 90' lang='grc' dir='ltr'><strong><em>ΙΙ</em></strong></span> <span class='ocrx_word' id='word_1_191' title='bbox 2002 2497 2148 2564; x_wconf 77' lang='grc' dir='ltr'><strong><em>οὐκ</em></strong></span> <span class='ocrx_word' id='word_1_192' title='bbox 2179 2497 2348 2563; x_wconf 83' lang='grc' dir='ltr'><strong><em>ὀλί-</em></strong></span> 
     </span>
     <span class='ocr_line' id='line_1_31' title="bbox 407 2601 2346 2685; baseline -0.003 -19"><span class='ocrx_word' id='word_1_193' title='bbox 407 2628 541 2685; x_wconf 80' lang='grc' dir='ltr'><strong><em>γης</em></strong></span> <span class='ocrx_word' id='word_1_194' title='bbox 575 2604 646 2666; x_wconf 86' lang='lat' dir='ltr'><strong><em>G.</em></strong></span> <span class='ocrx_word' id='word_1_195' title='bbox 676 2606 1048 2665; x_wconf 80' lang='lat' dir='ltr'><strong>Hermannus</strong></span> <span class='ocrx_word' id='word_1_196' title='bbox 1079 2604 1279 2683; x_wconf 83' lang='lat' dir='ltr'><strong>det.;</strong></span> <span class='ocrx_word' id='word_1_197' title='bbox 1324 2607 1411 2665; x_wconf 78' lang='lat' dir='ltr'><strong><em>sie</em></strong></span> <span class='ocrx_word' id='word_1_198' title='bbox 1441 2603 1760 2681; x_wconf 80' lang='lat' dir='ltr'>legendum</span> <span class='ocrx_word' id='word_1_199' title='bbox 1806 2620 1938 2663; x_wconf 80' lang='lat' dir='ltr'>esse</span> <span class='ocrx_word' id='word_1_200' title='bbox 1969 2601 2144 2663; x_wconf 80' lang='lat' dir='ltr'><strong>docet</strong></span> <span class='ocrx_word' id='word_1_201' title='bbox 2186 2601 2346 2677; x_wconf 85' lang='lat' dir='ltr'><strong>quod</strong></span> 
     </span>
     <span class='ocr_line' id='line_1_32' title="bbox 408 2698 2350 2788; baseline 0 -21"><span class='ocrx_word' id='word_1_202' title='bbox 408 2709 671 2782; x_wconf 81' lang='lat' dir='ltr'><strong>sequitur</strong></span> <span class='ocrx_word' id='word_1_203' title='bbox 709 2709 893 2783; x_wconf 84' lang='grc' dir='ltr'><strong><em>τέλος</em></strong></span> <span class='ocrx_word' id='word_1_204' title='bbox 939 2708 1226 2788; x_wconf 82' lang='grc' dir='ltr'><strong><em>ἐνίκησεν</em></strong></span> <span class='ocrx_word' id='word_1_205' title='bbox 1271 2704 1308 2769; x_wconf 80' lang='grc' dir='ltr'><em>ὃ</em></span> <span class='ocrx_word' id='word_1_206' title='bbox 1343 2704 1770 2788; x_wconf 79' lang='grc' dir='ltr'><strong><em>Ἀλέξανδρος.</em></strong></span> <span class='ocrx_word' id='word_1_207' title='bbox 1808 2738 1884 2748; x_wconf 91' lang='grc'>-</span> <span class='ocrx_word' id='word_1_208' title='bbox 1918 2698 2350 2785; x_wconf 70' lang='grc' dir='ltr'><strong><em>ΧαλκηδόναΕ</em></strong></span> 
     </span>
     <span class='ocr_line' id='line_1_33' title="bbox 407 2801 2348 2892; baseline -0.002 -20"><span class='ocrx_word' id='word_1_209' title='bbox 407 2804 783 2888; x_wconf 87' lang='grc' dir='ltr'><strong><em>Καλχηδόνα</em></strong></span> <span class='ocrx_word' id='word_1_210' title='bbox 815 2803 963 2868; x_wconf 89' lang='grc' dir='ltr'><strong><em>ΩΨ</em></strong></span> <span class='ocrx_word' id='word_1_211' title='bbox 1011 2843 1086 2851; x_wconf 88' lang='grc'><strong>-</strong></span> <span class='ocrx_word' id='word_1_212' title='bbox 1136 2816 1278 2872; x_wconf 85' lang='grc' dir='ltr'><strong><em>τοῦ</em></strong></span> <span class='ocrx_word' id='word_1_213' title='bbox 1312 2806 1819 2884; x_wconf 78' lang='grc' dir='ltr'><strong><em>Ἀπόλλωνος</em></strong></span> <span class='ocrx_word' id='word_1_214' title='bbox 1865 2809 1946 2870; x_wconf 80' lang='grc' dir='ltr'><strong><em>ἐν</em></strong></span> <span class='ocrx_word' id='word_1_215' title='bbox 1976 2814 2084 2892; x_wconf 79' lang='grc' dir='ltr'><strong><em>τῷ</em></strong></span> <span class='ocrx_word' id='word_1_216' title='bbox 2117 2801 2348 2889; x_wconf 78' lang='grc' dir='ltr'><strong><em>ἱερῷΙΙ</em></strong></span> 
     </span>
     <span class='ocr_line' id='line_1_34' title="bbox 413 2904 2347 2994; baseline -0.001 -22"><span class='ocrx_word' id='word_1_217' title='bbox 413 2910 480 2973; x_wconf 83' lang='grc' dir='ltr'><strong><em>ἐν</em></strong></span> <span class='ocrx_word' id='word_1_218' title='bbox 522 2917 617 2994; x_wconf 80' lang='grc' dir='ltr'><strong><em>τῷ</em></strong></span> <span class='ocrx_word' id='word_1_219' title='bbox 661 2918 782 2974; x_wconf 84' lang='grc' dir='ltr'><strong><em>τοῦ</em></strong></span> <span class='ocrx_word' id='word_1_220' title='bbox 833 2908 1336 2986; x_wconf 78' lang='grc' dir='ltr'><strong><em>’Λπόλλωνος</em></strong></span> <span class='ocrx_word' id='word_1_221' title='bbox 1381 2914 1547 2994; x_wconf 76' lang='grc' dir='ltr'><strong><em>ἱερῷ</em></strong></span> <span class='ocrx_word' id='word_1_222' title='bbox 1593 2912 1692 2970; x_wconf 86' lang='lat' dir='ltr'><strong><em>Fr.</em></strong></span> <span class='ocrx_word' id='word_1_223' title='bbox 1736 2909 1815 2980; x_wconf 59' lang='grc' dir='ltr'><strong><em>Ἃ.</em></strong></span> <span class='ocrx_word' id='word_1_224' title='bbox 1862 2943 1945 2954; x_wconf 87' lang='lat'><strong><em>—-</em></strong></span> <span class='ocrx_word' id='word_1_225' title='bbox 1991 2904 2224 2973; x_wconf 83' lang='grc' dir='ltr'><strong><em>αὗται</em></strong></span> <span class='ocrx_word' id='word_1_226' title='bbox 2270 2910 2347 2971; x_wconf 74' lang='grc' dir='ltr'><strong><em>αἱ</em></strong></span> 
     </span>
     <span class='ocr_line' id='line_1_35' title="bbox 407 3006 2352 3091; baseline 0 -17"><span class='ocrx_word' id='word_1_227' title='bbox 407 3014 617 3076; x_wconf 85' lang='grc' dir='ltr'><strong><em>δέλτοι</em></strong></span> <span class='ocrx_word' id='word_1_228' title='bbox 646 3008 665 3089; x_wconf 77' lang='grc' dir='ltr'><strong><em>[Ι</em></strong></span> <span class='ocrx_word' id='word_1_229' title='bbox 692 3006 923 3076; x_wconf 80' lang='grc' dir='ltr'><strong><em>αὗται</em></strong></span> <span class='ocrx_word' id='word_1_230' title='bbox 971 3017 1009 3076; x_wconf 99' lang='grc' dir='ltr'><strong><em>δ</em></strong></span> <span class='ocrx_word' id='word_1_231' title='bbox 1019 3017 1047 3075; x_wconf 82' lang='grc' dir='ltr'>ὲ</span> <span class='ocrx_word' id='word_1_232' title='bbox 1086 3016 1162 3075; x_wconf 78' lang='grc' dir='ltr'><strong><em>αἱ</em></strong></span> <span class='ocrx_word' id='word_1_233' title='bbox 1193 3017 1244 3077; x_wconf 92' lang='grc' dir='ltr'><strong><em>δ.</em></strong></span> <span class='ocrx_word' id='word_1_234' title='bbox 1280 3009 1356 3080; x_wconf 67' lang='lat'><strong><em>521.</em></strong></span> <span class='ocrx_word' id='word_1_235' title='bbox 1394 3012 1534 3072; x_wconf 85' lang='lat' dir='ltr'><strong>Ddf.</strong></span> <span class='ocrx_word' id='word_1_236' title='bbox 1569 3048 1648 3056; x_wconf 97' lang='lat'><strong>—</strong></span> <span class='ocrx_word' id='word_1_237' title='bbox 1680 3020 1921 3076; x_wconf 82' lang='grc' dir='ltr'><strong><em>τοῦτον</em></strong></span> <span class='ocrx_word' id='word_1_238' title='bbox 1952 3008 2070 3075; x_wconf 87' lang='grc' dir='ltr'><strong><em>τὸν</em></strong></span> <span class='ocrx_word' id='word_1_239' title='bbox 2099 3007 2302 3089; x_wconf 83' lang='grc' dir='ltr'><strong><em>λόγον</em></strong></span> <span class='ocrx_word' id='word_1_240' title='bbox 2333 3006 2352 3091; x_wconf 82' lang='grc' dir='ltr'><strong><em>ΙΙ</em></strong></span> 
     </span>
     <span class='ocr_line' id='line_1_36' title="bbox 410 3109 1455 3192; baseline 0.003 -16"><span class='ocrx_word' id='word_1_241' title='bbox 410 3109 525 3177; x_wconf 85' lang='grc' dir='ltr'><strong><em>τὸν</em></strong></span> <span class='ocrx_word' id='word_1_242' title='bbox 571 3110 773 3192; x_wconf 83' lang='grc' dir='ltr'><strong><em>λόγον</em></strong></span> <span class='ocrx_word' id='word_1_243' title='bbox 817 3122 1055 3179; x_wconf 84' lang='grc' dir='ltr'><strong><em>τοῦτον</em></strong></span> <span class='ocrx_word' id='word_1_244' title='bbox 1099 3109 1455 3179; x_wconf 82' lang='grc' dir='ltr'><strong>ΩΨΠΓΒ.</strong></span> 
     </span>
    </p>

    <p class='ocr_par' dir='ltr' id='par_1_22' title="bbox 409 3210 2351 4013">
     <span class='ocr_line' id='line_1_37' title="bbox 409 3210 2346 3300; baseline -0.001 -22"><span class='ocrx_word' id='word_1_245' title='bbox 409 3213 533 3293; x_wconf 76' lang='grc' dir='ltr'><strong><em>ἀφ’</em></strong></span> <span class='ocrx_word' id='word_1_246' title='bbox 578 3210 661 3280; x_wconf 81' lang='grc' dir='ltr'><strong><em>οὗ</em></strong></span> <span class='ocrx_word' id='word_1_247' title='bbox 704 3214 939 3280; x_wconf 75' lang='grc' dir='ltr'><strong><em>ἑαυτὸν</em></strong></span> <span class='ocrx_word' id='word_1_248' title='bbox 998 3214 1555 3300; x_wconf 77' lang='grc' dir='ltr'><strong><em>έγενεαλόγειΙΙ</em></strong></span> <span class='ocrx_word' id='word_1_249' title='bbox 1582 3224 1995 3295; x_wconf 79' lang='grc' dir='ltr'><strong><em>γενεαλογῶν</em></strong></span> <span class='ocrx_word' id='word_1_250' title='bbox 2053 3211 2148 3294; x_wconf 81' lang='grc' dir='ltr'><strong><em>ἦν</em></strong></span> <span class='ocrx_word' id='word_1_251' title='bbox 2205 3215 2346 3277; x_wconf 85' lang='lat' dir='ltr'><strong>Ddf.</strong></span> 
     </span>
     <span class='ocr_line' id='line_1_38' title="bbox 409 3314 2351 3399; baseline 0.001 -21"><span class='ocrx_word' id='word_1_252' title='bbox 409 3318 654 3379; x_wconf 79' lang='lat' dir='ltr'><strong>ducibus</strong></span> <span class='ocrx_word' id='word_1_253' title='bbox 699 3318 757 3390; x_wconf 62' lang='grc' dir='ltr'><em>Ἡ</em></span> <span class='ocrx_word' id='word_1_254' title='bbox 790 3324 848 3380; x_wconf 83' lang='lat' dir='ltr'><strong><em>et</em></strong></span> <span class='ocrx_word' id='word_1_255' title='bbox 875 3320 958 3397; x_wconf 90' lang='lat' dir='ltr'><strong><em>B,</em></strong></span> <span class='ocrx_word' id='word_1_256' title='bbox 1004 3322 1063 3379; x_wconf 87' lang='lat' dir='ltr'><strong><em>in</em></strong></span> <span class='ocrx_word' id='word_1_257' title='bbox 1105 3321 1315 3397; x_wconf 80' lang='lat' dir='ltr'>quibus</span> <span class='ocrx_word' id='word_1_258' title='bbox 1359 3326 1761 3398; x_wconf 79' lang='grc' dir='ltr'><strong><em>γενεαλογῶν</em></strong></span> <span class='ocrx_word' id='word_1_259' title='bbox 1804 3352 1888 3362; x_wconf 90' lang='grc'><strong>-</strong></span> <span class='ocrx_word' id='word_1_260' title='bbox 1933 3315 2302 3399; x_wconf 79' lang='grc' dir='ltr'><strong><em>ὀλέθριοι</em></strong></span> <span class='ocrx_word' id='word_1_261' title='bbox 2331 3314 2351 3399; x_wconf 89' lang='grc' dir='ltr'><strong><em>ΙΙ</em></strong></span> 
     </span>
     <span class='ocr_line' id='line_1_39' title="bbox 410 3414 2349 3503; baseline -0.001 -19"><span class='ocrx_word' id='word_1_262' title='bbox 410 3417 710 3501; x_wconf 79' lang='grc' dir='ltr'><strong><em>ὄλεθροι</em></strong></span> <span class='ocrx_word' id='word_1_263' title='bbox 754 3415 890 3485; x_wconf 89' lang='grc' dir='ltr'><strong><em>ΩΓ.</em></strong></span> <span class='ocrx_word' id='word_1_264' title='bbox 953 3454 1036 3465; x_wconf 92' lang='lat'><strong><em>—-</em></strong></span> <span class='ocrx_word' id='word_1_265' title='bbox 1095 3419 1185 3498; x_wconf 83' lang='grc' dir='ltr'><strong><em>ὡς</em></strong></span> <span class='ocrx_word' id='word_1_266' title='bbox 1243 3417 1371 3484; x_wconf 85' lang='grc' dir='ltr'><strong><em>α’πὸ</em></strong></span> <span class='ocrx_word' id='word_1_267' title='bbox 1426 3426 1689 3500; x_wconf 86' lang='grc' dir='ltr'><strong><em>Τρίκκης</em></strong></span> <span class='ocrx_word' id='word_1_268' title='bbox 1732 3471 1745 3484; x_wconf 95' lang='grc'><strong>.</strong></span> <span class='ocrx_word' id='word_1_269' title='bbox 1782 3470 1795 3483; x_wconf 93' lang='grc'><strong>.</strong></span> <span class='ocrx_word' id='word_1_270' title='bbox 1832 3470 1845 3483; x_wconf 93' lang='grc'><strong>.</strong></span> <span class='ocrx_word' id='word_1_271' title='bbox 1892 3422 2147 3501; x_wconf 80' lang='grc' dir='ltr'><strong><em>μητέρα.</em></strong></span> <span class='ocrx_word' id='word_1_272' title='bbox 2194 3415 2214 3502; x_wconf 77' lang='grc' dir='ltr'><strong><em>ΙΙ</em></strong></span> <span class='ocrx_word' id='word_1_273' title='bbox 2260 3415 2283 3503; x_wconf 95' lang='grc'><strong>[</strong></span> <span class='ocrx_word' id='word_1_274' title='bbox 2327 3414 2349 3502; x_wconf 91' lang='grc'>]</span> 
     </span>
     <span class='ocr_line' id='line_1_40' title="bbox 409 3523 2351 3600; baseline 0.001 -19"><span class='ocrx_word' id='word_1_275' title='bbox 409 3523 625 3584; x_wconf 83' lang='lat' dir='ltr'>Delevi</span> <span class='ocrx_word' id='word_1_276' title='bbox 669 3524 820 3584; x_wconf 79' lang='lat' dir='ltr'><strong>haee</strong></span> <span class='ocrx_word' id='word_1_277' title='bbox 852 3542 1004 3600; x_wconf 85' lang='lat' dir='ltr'><strong>quae</strong></span> <span class='ocrx_word' id='word_1_278' title='bbox 1036 3525 1110 3585; x_wconf 83' lang='lat' dir='ltr'><strong><em>ab</em></strong></span> <span class='ocrx_word' id='word_1_279' title='bbox 1153 3527 1381 3599; x_wconf 86' lang='lat' dir='ltr'><strong>impuro</strong></span> <span class='ocrx_word' id='word_1_280' title='bbox 1415 3524 1613 3598; x_wconf 82' lang='lat' dir='ltr'>aliquo</span> <span class='ocrx_word' id='word_1_281' title='bbox 1658 3523 1892 3584; x_wconf 79' lang='lat' dir='ltr'>homine</span> <span class='ocrx_word' id='word_1_282' title='bbox 1936 3523 2191 3583; x_wconf 78' lang='lat' dir='ltr'><strong>litterato</strong></span> <span class='ocrx_word' id='word_1_283' title='bbox 2235 3523 2351 3583; x_wconf 80' lang='lat' dir='ltr'>ioci</span> 
     </span>
     <span class='ocr_line' id='line_1_41' title="bbox 412 3619 2349 3706; baseline 0 -21"><span class='ocrx_word' id='word_1_284' title='bbox 412 3644 590 3686; x_wconf 81' lang='lat' dir='ltr'><strong>causa</strong></span> <span class='ocrx_word' id='word_1_285' title='bbox 633 3627 835 3687; x_wconf 79' lang='lat' dir='ltr'>addita</span> <span class='ocrx_word' id='word_1_286' title='bbox 877 3627 1153 3687; x_wconf 81' lang='lat' dir='ltr'><strong>videntur</strong></span> <span class='ocrx_word' id='word_1_287' title='bbox 1208 3660 1276 3668; x_wconf 92' lang='lat'><em>-</em></span> <span class='ocrx_word' id='word_1_288' title='bbox 1324 3619 1614 3705; x_wconf 73' lang='grc' dir='ltr'><strong><em>εὕρητο</em></strong></span> <span class='ocrx_word' id='word_1_289' title='bbox 1662 3629 1739 3688; x_wconf 73' lang='grc' dir='ltr'><strong><em>δὲ</em></strong></span> <span class='ocrx_word' id='word_1_290' title='bbox 1779 3620 2140 3706; x_wconf 85' lang='grc' dir='ltr'><strong><em>χρησμὸς</em></strong></span> <span class='ocrx_word' id='word_1_291' title='bbox 2182 3619 2201 3705; x_wconf 83' lang='grc' dir='ltr'><strong><em>ΙΙ</em></strong></span> <span class='ocrx_word' id='word_1_292' title='bbox 2245 3623 2349 3686; x_wconf 77' lang='grc' dir='ltr'><strong><em>εἴ·</em></strong></span> 
     </span>
     <span class='ocr_line' id='line_1_42' title="bbox 410 3722 2347 3812; baseline -0.004 -20"><span class='ocrx_word' id='word_1_293' title='bbox 410 3751 603 3808; x_wconf 91' lang='grc' dir='ltr'><strong><em>ρητο</em></strong></span> <span class='ocrx_word' id='word_1_294' title='bbox 634 3732 711 3790; x_wconf 79' lang='grc' dir='ltr'><strong><em>δὲ</em></strong></span> <span class='ocrx_word' id='word_1_295' title='bbox 757 3729 841 3792; x_wconf 81' lang='grc' dir='ltr'><strong><em>ἐν</em></strong></span> <span class='ocrx_word' id='word_1_296' title='bbox 865 3736 1197 3812; x_wconf 79' lang='grc' dir='ltr'><strong><em>χρησμῷ</em></strong></span> <span class='ocrx_word' id='word_1_297' title='bbox 1238 3724 1511 3795; x_wconf 68' lang='grc' dir='ltr'><strong><em>ΨΠΒΉ</em></strong></span> <span class='ocrx_word' id='word_1_298' title='bbox 1556 3760 1637 3771; x_wconf 91' lang='grc'><strong>-</strong></span> <span class='ocrx_word' id='word_1_299' title='bbox 1682 3724 1781 3803; x_wconf 80' lang='grc' dir='ltr'><strong><em>ὡς</em></strong></span> <span class='ocrx_word' id='word_1_300' title='bbox 1819 3722 2145 3807; x_wconf 83' lang='grc' dir='ltr'><strong><em>Σιβύλλης</em></strong></span> <span class='ocrx_word' id='word_1_301' title='bbox 2174 3723 2193 3808; x_wconf 92' lang='grc' dir='ltr'><strong><em>ΙΙ</em></strong></span> <span class='ocrx_word' id='word_1_302' title='bbox 2222 3744 2347 3786; x_wconf 90' lang='lat' dir='ltr'><strong><em>om.</em></strong></span> 
     </span>
     <span class='ocr_line' id='line_1_43' title="bbox 415 3826 2351 3913; baseline -0.001 -21"><span class='ocrx_word' id='word_1_303' title='bbox 415 3827 514 3907; x_wconf 81' lang='grc' dir='ltr'><strong><em>ὡς</em></strong></span> <span class='ocrx_word' id='word_1_304' title='bbox 570 3830 794 3892; x_wconf 82' lang='grc' dir='ltr'><strong>ΨΠΒ.</strong></span> <span class='ocrx_word' id='word_1_305' title='bbox 827 3865 910 3876; x_wconf 84' lang='lat'>-</span> <span class='ocrx_word' id='word_1_306' title='bbox 941 3832 1784 3913; x_wconf 88' lang='grc' dir='ltr'><strong><em>προμαντευσαμένης</em></strong></span> <span class='ocrx_word' id='word_1_307' title='bbox 1826 3826 1846 3911; x_wconf 92' lang='grc' dir='ltr'><strong><em>ΙΙ</em></strong></span> <span class='ocrx_word' id='word_1_308' title='bbox 1889 3851 2351 3909; x_wconf 88' lang='grc' dir='ltr'><strong><em>προμαντευο-</em></strong></span> 
     </span>
     <span class='ocr_line' id='line_1_44' title="bbox 410 3932 914 4013; baseline 0.004 -18"><span class='ocrx_word' id='word_1_309' title='bbox 410 3935 647 4013; x_wconf 84' lang='grc' dir='ltr'><strong><em>μένης</em></strong></span> <span class='ocrx_word' id='word_1_310' title='bbox 694 3932 914 3998; x_wconf 82' lang='grc' dir='ltr'><strong>ΨΠΒ.</strong></span> 
     </span>
    </p>
   </div>
   <div class='ocr_carea' id='block_1_19' title="bbox 231 4029 2349 4114">
    <p class='ocr_par' dir='ltr' id='par_1_23' title="bbox 231 4029 2349 4114">
     <span class='ocr_line' id='line_1_45' title="bbox 231 4029 2349 4114; baseline 0.005 -30"><span class='ocrx_word' id='word_1_311' title='bbox 231 4034 385 4091; x_wconf 72' lang='grc' dir='ltr'><strong>ο.13.</strong></span> <span class='ocrx_word' id='word_1_312' title='bbox 413 4034 512 4097; x_wconf 81' lang='grc' dir='ltr'><strong><em>ἐπὶ</em></strong></span> <span class='ocrx_word' id='word_1_313' title='bbox 568 4031 723 4111; x_wconf 66' lang='grc' dir='ltr'><strong><em>τοὺς</em></strong></span> <span class='ocrx_word' id='word_1_314' title='bbox 779 4041 1118 4111; x_wconf 77' lang='grc' dir='ltr'><strong><em>θεμελίους</em></strong></span> <span class='ocrx_word' id='word_1_315' title='bbox 1172 4041 1295 4099; x_wconf 86' lang='grc' dir='ltr'><strong><em>τοῦ</em></strong></span> <span class='ocrx_word' id='word_1_316' title='bbox 1349 4031 1476 4097; x_wconf 81' lang='grc' dir='ltr'><strong><em>νεὼ</em></strong></span> <span class='ocrx_word' id='word_1_317' title='bbox 1521 4030 1675 4110; x_wconf 78' lang='grc' dir='ltr'><strong><em>τοὺς</em></strong></span> <span class='ocrx_word' id='word_1_318' title='bbox 1721 4030 1865 4114; x_wconf 83' lang='grc' dir='ltr'><strong><em>ἄρτι</em></strong></span> <span class='ocrx_word' id='word_1_319' title='bbox 1909 4029 2349 4114; x_wconf 84' lang='grc' dir='ltr'><strong><em>ὀρυττομέ-</em></strong></span> 
     </span>
    </p>
   </div>
  </div>
 </body>
</html>
