2800 4500
509 233 629 294 138
1389 235 1759 301 AorKuNor

504 403 978 486 πολυμαθείας
1021 404 1266 493 ταύτην
1311 404 1637 482 ἐπίδειξιν
1678 402 2048 492 ιὴγούμενοι
2105 407 2447 494 παρέξειν.
2536 408 2642 493 ἐγὼ

505 505 576 571 δὲ
619 504 913 588 μάλιστα
958 505 1077 588 μὲν
1122 504 1241 596 τὴν
1285 510 1446 593 περὶ
1489 511 1699 586 ταῦτα
1750 510 2149 596 φιλοτιμίαν
2210 504 2644 593 ἀπειρόκαλόν

502 631 576 675 τε
609 609 719 678 καὶ
755 600 1079 697 ὀψιμαθῆ
1122 611 1233 678 καὶ
1279 609 1546 695 ἐμαυτῷ
1583 632 1858 696 ακαιρον
1892 611 2136 695 οίομαι
2182 608 2361 682 εἶναι
2395 614 2513 682 καὶ
2550 610 2643 680 διὰ

393 718 477 776 34
501 712 702 782 τοῦτο
745 716 1058 797 παρίημι.
1150 717 1254 780 34.
1300 712 1539 788 ἔπειτα
1598 712 1671 782 δὲ
1725 706 1983 788 κάκεῖνό
2048 736 2123 792 σε
2182 708 2355 792 ἆξιιῦ
2417 713 2642 784 ἐννοεῖν

498 816 611 884 καὶ
654 816 1064 906 μεμνῆσθαι,
1107 805 1220 888 ότι
1258 839 1377 898 μοι
1422 818 1535 886 νῦν
1580 809 1656 884 οὗ
1704 819 1933 883 πᾶσαν
1979 811 2253 906 ὄρχησιν
2301 816 2642 904 πρόκειται

497 917 940 1003 γενεαλογεῖν,
1014 910 1167 990 ουδὲ
1232 921 1471 988 τοῦτον
1525 915 1644 992 τὸν,
1706 918 1961 993 σκοπὸν
2019 914 2512 1007 ὑπεστησάμην
2565 924 2641 1006 τῷ

500 1018 675 1105 λόγῳ
743 1012 1076 1107 ὀρχήσεων
1143 1012 1448 1103 ὀνόματα
1508 1020 2167 1111 καταριθμήσασθαι
2233 1021 2419 1108 πλὴν
2486 1015 2641 1094 ὅσων

502 1120 570 1187 ἐν
619 1114 783 1208 ὀρχῇ
828 1115 1070 1207 ὀλίγων
1109 1119 1550 1212 ἐπεμνήσθην
1593 1122 1715 1200 τὰς
1756 1128 2190 1209 γενικωτέρας
2238 1118 2464 1198 αὐτῶν
2494 1150 2641 1207 προ-

495 1222 988 1308 χειρισάμενος·
1045 1216 1215 1292 ἀλλὰ
1271 1223 1346 1296 τό
1407 1248 1480 1310 γε
1525 1225 1592 1291 ἐν
1635 1229 1728 1311 τῷ
1779 1225 2069 1311 παρόντι
2111 1251 2231 1310 μοι
2288 1226 2641 1315 κεφάλαιον

498 1329 617 1393 τοῦ
650 1324 844 1411 λόγου
890 1324 1084 1394 τοῦτό
1132 1324 1294 1407 ἐστι,
1341 1325 1463 1412 τὴν
1510 1330 1622 1393 νῦν
1666 1322 1939 1414 ὄρχησιν
1981 1332 2432 1400 καθεστῶσαν
2466 1329 2641 1400 ἐπαι-

389 1465 394 1472 ·
501 1433 690 1501 νέσαι
732 1430 843 1496 καὶ
890 1427 1102 1506 δεῖξαι
1148 1420 1278 1498 ὅσα
1322 1427 1389 1498 ἐν
1436 1422 1602 1516 αὐτῇ
1643 1427 1901 1514 τερπνὰ
1947 1434 2060 1500 καὶ
2109 1430 2410 1520 χρήσιμα
2468 1456 2638 1518 περι-

501 1533 798 1616 λαβοῦσα
867 1529 1029 1613 ἕχει,
1103 1524 1175 1597 οὗ
1245 1530 1463 1598 πάλαι
1523 1524 1853 1620 ἄρξαμένη
1916 1531 1983 1611 ἐς
2036 1536 2360 1602 τοσοῦτον
2417 1534 2636 1611 κάλλος

501 1632 912 1713 ἐπιδιδόναι,
983 1630 1152 1700 ἀλλὰ
1208 1631 1380 1699 κατὰ
1440 1658 1556 1700 τον
1612 1632 1949 1717 Σεβαστὸν
2005 1634 2336 1718 μάλιστα
2406 1637 2481 1706 αἱ
2531 1637 2704 1721 mm

497 1734 622 1822 γὰρ
667 1737 933 1818 πρῶται
979 1735 1225 1804 ἐκεῖναι
1267 1727 1497 1820 ὥσπερ
1553 1736 1732 1814 τινες
1790 1735 1969 1824 ῥίζαι
2022 1738 2135 1804 καὶ
2192 1739 2491 1821 θεμέλια
2542 1740 2638 1826 τῆς

498 1833 829 1926 ὀρχήσεως
872 1821 1072 1925 ἦσαν,
1127 1861 1203 1903 το
1255 1836 1327 1904 δὲ
1375 1833 1591 1917 άνθος
1638 1831 1838 1925 αὐτῆς
1898 1840 2011 1906 καὶ
2066 1837 2185 1906 τὸν
2244 1840 2637 1912 τελεώτατον

496 1939 789 2026 καρπόν,
851 1932 1065 2024 όσπερ
1112 1943 1226 2010 νῦν
1269 1939 1564 2023 μάλιστα
1610 1938 1676 2020 ἐς
1716 1939 1792 2012 τὸ
1842 1935 2208 2028 ἀκρότατον
2256 1936 2636 2014 ἀποτετέλε-

498 2065 671 2122 σται,
717 2044 913 2108 τοῦτο
967 2044 1079 2108 νῦν
1124 2042 1159 2108 ὃ
1208 2038 1525 2131 ἡμέτερος
1570 2041 1764 2128 λόγος
1808 2042 2232 2129 διεξέρχεται,
2282 2048 2530 2128 παρεὶς
2568 2043 2628 2116 τὸ

496 2143 1055 2232 θερμαυστρίζειν
1086 2145 1197 2214 καὶ
1227 2148 1503 2229 γέρανον
1532 2137 1889 2229 ὀρχεῖσθαι
1916 2148 2028 2220 καὶ
2061 2145 2145 2216 τὰ
2179 2141 2356 2218 ἄλλα
2392 2143 2489 2226 ὥς
2528 2173 2634 2235 μη-

497 2249 607 2315 δὲν
649 2251 731 2336 τῇ
778 2252 889 2315 νῦν
947 2245 1151 2334 ταύτῃ
1213 2246 1314 2314 ἔτι
1369 2246 1826 2336 προσήκοντα·
1918 2241 2071 2319 οὗὸὲ
2126 2249 2253 2336 γὰρ
2312 2249 2524 2325 ἐκεῖνο
2571 2247 2630 2319 τὸ

500 2350 793 2436 Φρύγιον
835 2353 953 2438 τῆς
997 2343 1328 2437 ὀρχήσεως
1375 2346 1552 2429 εἶδος
1597 2348 1671 2419 τὸ
1732 2356 2088 2437 παροίνιον
2144 2355 2256 2421 καὶ
2316 2375 2630 2436 συμποτι-

496 2452 610 2520 κὸν
661 2450 843 2536 ,μετὰ
909 2456 1128 2538 μέθης
1191 2450 1602 2537 γιγνόμενον,
1680 2445 2006 2538 ἀγροίκων
2076 2453 2413 2532 πολλάκις
2479 2452 2629 2538 πρὸς

498 2550 761 2643 αὔλημα
803 2567 1173 2638 γυναικεῖον
1228 2545 1643 2640 ὀρχουμένων
1703 2554 1971 2643 σφόδρα
2023 2554 2377 2644 καματηρὰ
2426 2555 2628 2644 πηδή-

495 2682 676 2743 ματα
720 2659 833 2727 καὶ
878 2659 990 2731 νῦν
1028 2655 1129 2725 ἔτι
1158 2669 1307 2733 ταῖς
1339 2649 1710 2741 ἀγροικίαις
1743 2655 2177 2740 ἐπιπολάζον,
2223 2653 2336 2727 ὑπ’
2376 2652 2629 2745 ἀγνοίας

497 2761 898 2847 παρέλιπον,
929 2751 1096 2827 ἀλλ’
1151 2750 1259 2829 ὅτι
1293 2759 1499 2845 μηδὲν
1528 2763 1739 2829 ταῦτα
1769 2764 1852 2846 τῇ
1882 2763 1996 2825 νῦν
2023 2754 2296 2852 ὀρχήσει
2324 2773 2627 2833 κοινωνεῖ.

496 2865 606 2931 καὶ
664 2860 789 2946 γὰρ
846 2856 881 2927 ὁ
944 2860 1235 2929 Πλάτων
1291 2858 1387 2947 [ἐν
1443 2875 1601 2938 τοῖς,
1629 2859 1919 2948 Νόμοις]
1974 2861 2061 2932 τὰ
2117 2868 2238 2946 μέν
2292 2889 2448 2935 τινα
2504 2864 2625 2950 εἴδη

497 2964 764 3033 ἐπαινεῖ
796 2961 1057 3051 ταύτης,
1102 2961 1185 3031 τὰ
1234 2963 1304 3028 δὲ
1347 2963 1528 3030 πάνυ
1574 2958 1875 3045 ἀπαξιοῖ,
1923 2964 2203 3051 διαιρῶν
2250 2959 2422 3037 aiv&
2467 2966 2531 3044 ἔς
2567 2987 2628 3033 τε

496 3064 572 3132 τὸ
632 3063 920 3147 τερπνὸν
976 3065 1087 3133 καὶ
1144 3062 1219 3135 τὸ
1280 3064 1602 3153 χρήσιμον
1661 3067 1769 3133 καὶ
1828 3060 2226 3135 ἀπελαύνων
2282 3061 2504 3139 αὐτῶν
2553 3063 2624 3133 τὰ

498 3161 1064 3259 ἀσχημονέστερα,
1113 3169 1459 3253 προτιμῶν
1505 3167 1578 3239 δὲ
1622 3170 1732 3235 καὶ
1777 3166 2144 3250 θαυμάζων
2190 3168 2474 3255 θάτερα.

389 3287 468 3345 35
672 3275 773 3336 35.
819 3258 956 3335 Καὶ
1000 3270 1158 3353 περὶ
1203 3268 1323 3352 μὲν
1374 3265 1573 3357 αὐτῆς
1617 3265 1949 3355 ὀρχήσεως
2005 3274 2334 3339 τοσαῦτα·
2396 3270 2470 3343 τὸ
2515 3267 2620 3357 γὰρ

498 3372 723 3439 πάντα
769 3370 1123 3449 ἐπεξιόντα
1166 3370 1475 3498 μηκύνειν
1518 3369 1636 3438 τὸν
1680 3371 1876 3458 λόγον
1924 3365 2393 3458 ἀπειρόκαλον.
2483 3372 2522 3439 ἃ
2563 3371 2620 3437 δὲ

495 3473 613 3541 τὸν
673 3468 993 3561 ὀρχηστὴν
1053 3467 1253 3541 αυτὸν
1309 3473 1481 3555 ε’χειν
1532 3471 1653 3563 χρὴ
1710 3476 1821 3541 καὶ
1880 3466 2070 3553 όπως
2137 3476 2241 3545 δεῖ
2303 3469 2621 3566 ἠσκῆσθαι

495 3578 608 3643 καὶ
655 3574 697 3642 ά
742 3579 1206 3663 μεμαθηκέναι
1247 3578 1359 3643 καὶ
1410 3574 1509 3655 οἷς
1552 3576 1891 3661 κρατύνειν
1933 3574 2009 3645 τὸ
2073 3576 2297 3696 ε’ργον,
2354 3574 2477 3669 ἤδη
2532 3598 2619 3643 σοι

498 3679 726 3762 δίειμι,
772 3702 864 3755 ως
907 3676 1138 3765 μάθῃς
1182 3703 1257 3744 ου
1296 3681 1430 3744 τῶν
1460 3678 1709 3766 ῥᾳδίων
1738 3674 1862 3746 καὶ
1880 3681 2013 3749 τῶν
2045 3672 2616 3767 εὐμεταχειρίστων
2630 3687 2694 3737 289

498 3802 704 3845 ουσαν
747 3778 864 3867 τὴν
910 3784 1168 3869 τέχνην,
1231 3772 1403 3845 ἀλλὰ
1449 3778 1674 3867 πάσης
1718 3778 2137 3857 παιδεύσεως
2183 3779 2251 3857 ἐς
2306 3780 2385 3848 τὸ
2447 3776 2619 3863 ἀκρό·

497 3905 699 3946 τατον
745 3875 1245 3968 ἀφικνουμένην,
1295 3906 1370 3946 ου
1417 3885 1733 3969 μουσικῆς
1776 3881 1980 3964 μόνον
2026 3877 2194 3949 ἀλλὰ
2239 3886 2354 3953 καὶ
2399 3886 2621 3973 ῥυθμι-

500 3985 613 4068 κῆς
656 3986 768 4049 καὶ
813 3986 1121 4069 μετρικῆς
1164 3984 1271 4048 καὶ
1321 3984 1437 4069 τῆς
1468 3986 1588 4066 σῆς
1619 3984 2031 4069 φιλοσοφίας
2060 3985 2378 4066 μάλιστα,
2424 3990 2537 4072 τῆς
2562 4007 2620 4049 τε
