2800 4500
435 263 559 322 308

1163 263 1545 320 ΑΒΝΟΤΔΤΙΟ
1585 265 1858 320 GRlTch.

648 451 842 520 οὗτος
887 441 1027 518 οἶος
1071 437 1150 523 ἦν
1193 493 1206 506 .
1244 494 1256 506 .
1297 493 1309 506 .
1355 440 1502 522 μητ’
1546 447 1615 504 εἰ
1657 440 2063 524 Ἀλέξανδρος
2108 440 2433 508 ἀνιάσεται
2479 497 2493 509 .
2531 496 2544 509 .
2580 496 2593 509 .

647 542 1089 627 ἀναγράφοιτο
1118 541 1137 626 ΙΙ
1165 545 1477 605 Librorum
1509 546 1748 624 auxilio,
1793 549 1852 606 in
1885 547 2095 623 quibus
2131 547 2209 622 (A
2241 543 2399 623 211⁷)
2432 548 2601 609 deest

650 645 815 714 ἀλλὰ
844 653 981 709 ante
1021 655 1323 725 τοιοῦτος
1355 653 1415 710 et
1445 653 1502 711 εἰ
1528 653 1664 710 ante
1712 647 1922 727 Ἀλεξ,
1967 650 2055 708 sic
2085 649 2451 710 conformavi
2478 652 2598 711 sin-

648 754 790 829 gula
817 750 988 810 huius
1019 753 1302 811 enuntiati
1332 752 1626 812 membra:
1657 748 1822 815 ἀλλὰ
1851 747 1936 832 μὴ
1963 753 2206 827 μελέτω
2237 750 2600 838 αὐτῷμήτε

657 860 972 929 Φίλιππος
1031 858 1097 916 εἰ
1148 853 1608 930 ἐκκεκομμένος
1650 849 1768 917 τὸν
1824 850 2172 931 ὀφθαλμὸν
2229 851 2360 918 ὑπὸ
2409 853 2600 919 Ἀστέ-

649 981 763 1038 ρος
819 963 942 1020 τοῦ
989 954 1447 1034 Ἀμφιπολίτου
1491 1007 1504 1020 .
1541 1007 1554 1020 .
1589 1007 1602 1021 .
1664 963 1964 1034 τοιοῦτος
2023 956 2164 1033 οἷος
2217 952 2298 1037 ἦν
2356 955 2601 1039 δειχθή-

650 1075 851 1137 σεται,
895 1054 1055 1139 μήτ’
1101 1060 1510 1139 Αλέξανδρος
1557 1054 1641 1134 ὃς
1685 1054 2012 1124 ἀνιάσεται
2057 1060 2159 1123 ἐπὶ
2202 1066 2280 1139 τῇ
2326 1065 2600 1124 Κλείτου

650 1168 861 1240 σφαγῇ
890 1213 902 1225 .
939 1212 951 1225 .
987 1211 1001 1225 .
1038 1164 1095 1223 εἰ
1121 1167 1343 1238 σαφῶς
1387 1158 1850 1240 ἀναγράφοιτο.
1930 1165 1998 1225 εἰ
2024 1166 2159 1223 ante
2204 1163 2605 1238 ἐκκεκομμέ-

649 1287 765 1339 νος
797 1268 856 1323 et
885 1259 957 1339 ὃς
985 1267 1122 1339 post
1153 1260 1592 1344 Ἀλέξανδρος
1635 1263 1813 1324 facile
1860 1264 2135 1326 excidere
2178 1269 2469 1341 poterant.
2516 1299 2604 1308 ——

652 1364 898 1447 ὀλέθρι
916 1391 953 1430 ο
971 1390 1001 1443 ς
1026 1363 1046 1449 ss
1077 1363 1285 1447 ὄλεθρ
1303 1388 1383 1442 ος
1411 1366 1552 1428 Gob.
1577 1400 1660 1410 —
1689 1363 1971 1447 μηνυτὴς
2000 1362 2092 1448 ἦν
2118 1363 2140 1448 Ι
2169 1361 2289 1447 [ἦν]
2320 1366 2483 1428 det.
2517 1402 2605 1411 —

648 1465 772 1532 κᾶν
817 1475 1273 1547 ναυμαχῶνται
1316 1464 1502 1531 τότε
1543 1464 1561 1547 ΙΙ
1613 1492 1809 1532 ποτε
1853 1468 1993 1529 Ddf.
2039 1469 2202 1530 det.
2276 1470 2406 1530 Etsi
2449 1470 2606 1530 haec

655 1575 713 1632 et
769 1589 922 1647 quae
978 1575 1305 1647 sequuntur
1368 1572 1645 1647 exempla
1702 1574 1896 1631 omnia
1953 1589 2029 1632 ex
2081 1572 2437 1647 Thucydide
2498 1572 2606 1633 de-

649 1678 884 1749 sumpta
911 1677 1064 1751 sunt,
1108 1675 1240 1749 ipsa
1268 1678 1467 1732 tamen
1496 1673 1647 1733 haec
1678 1673 1994 1734 admonitio
2039 1675 2336 1751 generalis
2384 1679 2476 1735 est
2522 1677 2611 1736 ita

654 1780 717 1835 ut
768 1776 845 1835 ad
899 1793 1101 1835 omnes
1156 1793 1352 1836 rerum
1419 1777 1737 1851 scriptores
1793 1777 2104 1852 pertineat.
2204 1775 2611 1850 Quamobrem

654 1877 853 1939 delevi
895 1873 990 1958 ἦν
1047 1882 1184 1954 post
1235 1873 1520 1959 μηνυτὴς
1566 1883 1626 1939 et
1669 1897 1800 1938 cum
1843 1878 2150 1939 Dindorfio
2206 1881 2422 1956 scripsi
2478 1877 2611 1944 κᾶν

653 1986 1110 2060 ναυμαχῶνταί
1152 2004 1349 2044 ποτε
1396 1984 1606 2056 (ναυμ.
1671 1984 1743 2044 οἱ
1801 1977 1983 2044 τότε
2027 1982 2150 2055 Fr.)
2239 1981 2610 2059 Comproba-

651 2086 747 2143 tur
788 2088 982 2143 autem
1041 2082 1202 2158 quod
1246 2083 1369 2142 dixi
1413 2084 1512 2142 vel
1557 2100 1629 2143 eo
1649 2127 1666 2162 ,
1726 2083 1886 2158 quod
1928 2101 2228 2160 nunquam
2268 2086 2617 2145 nominatur

651 2184 1057 2266 Thucydides,
1102 2184 1209 2245 sed
1245 2186 1419 2244 etiam
1449 2185 1550 2244 ubi
1596 2188 2052 2246 consentaneum
2085 2189 2209 2245 erat
2240 2203 2372 2245 eum
2415 2189 2609 2247 nomi-

653 2289 783 2347 nari
810 2305 920 2363 pro
948 2289 1080 2364 ipso
1110 2290 1345 2348 nomine
1391 2289 1704 2364 ἐκεῖνος
1749 2285 1894 2362 (οὐκ
1925 2288 2168 2363 ἐκεῖνος
2195 2288 2257 2348 id
2289 2293 2383 2349 est
2409 2307 2615 2350 rerum

655 2390 907 2465 scriptor
953 2387 990 2452 ὀ
1033 2385 1313 2464 διώκων)
1364 2389 1748 2451 substituitur.
1838 2388 2003 2463 Quae
2048 2408 2178 2450 cum
2222 2391 2306 2449 ita
2347 2392 2488 2469 sint,
2535 2411 2615 2453 ne

658 2495 917 2551 extremo
962 2491 1197 2567 quidem
1225 2493 1358 2551 loco
1387 2491 1631 2573 ῥᾷστον
1660 2486 1739 2571 ἦν
1771 2491 1865 2555 ἑνὶ
1896 2488 2163 2577 καλάμῳ
2207 2500 2423 2577 λεπτῷ
2467 2490 2613 2557 τὸν

663 2577 1177 2673 Θουκυδίδην
1234 2591 1591 2674 ἀνατρέψαι
1644 2597 1760 2669 μὲν
1807 2590 1882 2657 τὸ
1927 2595 1997 2658 ἐν
2041 2608 2181 2670 ταῖς
2228 2592 2614 2673 Ἐπιπολαῖς

655 2700 1111 2775 παρατείχισμα
1156 2745 1169 2759 .
1206 2747 1219 2759 .
1254 2746 1267 2759 .
1305 2746 1317 2759 .
1369 2695 1634 2755 dubitavi
1662 2713 1876 2756 nomen
1904 2696 2275 2771 Thucydidis
2322 2699 2612 2759 cancellis

651 2797 976 2859 includere.

443 2920 495 2962 e.
523 2904 622 2961 39.
654 2907 777 2963 τοῦ
831 2895 904 2980 δὴ
962 2900 1379 2980 συγγραφέως
1439 2899 1628 2979 ἔργον
1674 2899 1788 2978 ἓν,
1848 2896 1937 2975 ὡς
1989 2895 2276 2980 ἐπράχθη
2336 2904 2541 2964 εἰπεῖν
2596 2898 2618 2983 Ι

656 3001 739 3065 ἓν
786 3001 1079 3065 ἕκαστα
1122 3002 1220 3062 Fr.

444 3124 495 3167 c.
524 3110 623 3165 40.
656 3099 748 3183 ὃς,
784 3101 1016 3179 Ἡδέως
1061 3095 1161 3182 ἄν,
1208 3103 1347 3183 ἔφη,
1395 3099 1701 3179 ἀνεβίουν
1745 3153 1759 3166 .
1796 3154 1809 3166 .
1846 3154 1859 3166 .
1911 3099 2293 3182 ἀποθανών,
2349 3101 2453 3179 ὡς
2495 3100 2615 3179 μά-

658 3212 860 3284 θοιμι,
898 3201 1113 3281 ὅπως
1157 3213 1357 3269 ταῦτα
1405 3207 1467 3269 οἱ
1497 3196 1841 3284 ἅνθρωποι
1870 3200 2019 3268 τότε
2050 3204 2615 3285 ἀναγίγνωσκουσι

656 3303 677 3389 Ι
719 3304 935 3384 ὅπως
977 3314 1128 3383 μαθ.
1179 3307 1234 3366 Α
1274 3301 1611 3369 ΩἳΙΗατΙ.
1673 3314 1836 3382 πῶς
1879 3314 2083 3370 ταῦτα
2127 3308 2225 3370 Fr.
2272 3307 2413 3368 Ddf.

448 3429 497 3473 c.
525 3416 622 3471 41.
653 3406 771 3491 τὴν
793 3406 1047 3492 σκάφην
1072 3414 1136 3473 δὲ
1158 3405 1412 3490 σκάφην
1443 3404 1859 3485 ὀνομάσων
1885 3404 1907 3491 Ι
1937 3405 2344 3489 ὀνομάζων
2368 3410 2615 3470 Jcnsins

660 3546 745 3558 -
776 3511 857 3578 οὐ
886 3519 1051 3589 μίσει
1082 3510 1231 3577 οὐδὲ
1261 3519 1444 3594 φιλίᾳ
1473 3537 1546 3575 τι
1576 3508 1838 3593 νέμωνΙ
1867 3508 1949 3574 ου’
1977 3517 2142 3586 μίσει
2187 3510 2427 3575 οὐδὲν
2459 3507 2616 3575 οὐδὲ

660 3622 841 3697 φιλίᾳ
898 3618 1111 3691 νέμων
1156 3614 1354 3694 det.;
1416 3616 1555 3690 quia
1611 3615 1885 3674 omissum
1945 3617 2037 3673 est
2078 3638 2140 3676 τι
2183 3615 2244 3673 in
2299 3614 2356 3674 A
2391 3609 2615 3691 9211]

663 3718 864 3778 addidi
920 3715 1142 3796 οὐδὲν,
1204 3716 1362 3792 quod
1420 3721 1554 3776 ante
1612 3713 1761 3779 ου’δὲ
1817 3714 1997 3775 facile
2042 3716 2228 3776 latere
2272 3717 2474 3792 potuit.
2517 3745 2617 3758 —-

665 3817 898 3896 εὔνους
943 3816 1181 3882 ἅπασιν
1226 3815 1368 3900 ἀχρι
1397 3826 1522 3882 τοῦ
1549 3814 1632 3899 μὴ
1675 3819 1994 3903 θατέρῳ
2032 3815 2377 3894 ἀπονεῖμαι
2406 3816 2618 3880 πλέον

666 3928 788 3983 τοῦ
833 3922 1094 3995 δέοντος
1134 3916 1155 4000 ΙΙ
1196 3922 1513 4004 θατέρῳ
1556 3945 1629 3983 τι
1673 3921 1726 3980 A
1772 3914 1979 3988 ΩΉΓ

458 4038 510 4077 c.
538 4024 636 4079 43.
670 4036 1038 4098 συστοιχος
1079 4015 1100 4101 Ι
1143 4016 1537 4100 εὔστοχος
1578 4020 1826 4083 Usener.
