2800 4500
435 222 517 289 66
1313 223 1686 279 ΛοΥκιΑΝοΥ

1001 510 2002 592 ΤΥΡΑΝΝΟΚΤΟΝΟΣ.

593 692 888 788 Ἀνῆλθέ
931 725 1037 778 τις
1083 699 1150 778 ἐς
1194 699 1313 786 τὴν
1361 693 1732 786 ἀκροῆπολιν
1776 695 1867 781 ῶς
1898 693 2284 768 ἀποκτενῶν
2315 700 2435 767 τὸν
2465 700 2575 768 τύ·

431 824 701 887 ραννον·
750 795 951 875 αὐτὸν
996 803 1117 885 μὲν
1165 796 1287 885 οὐχ
1324 797 1491 886 εὗρε,
1536 803 1653 870 τὸν
1699 802 1771 869 δὲ
1815 801 1964 870 υἱὸν
2010 797 2212 869 αὐτοῦ
2260 797 2577 871 ἀποκτεί-

430 928 548 981 νας
591 905 908 973 κατέλιπε
951 902 1026 975 τὸ
1079 904 1274 991 ξίφος
1320 903 1389 970 ἐν
1432 907 1528 990 τῷ
1561 903 1844 986 σώματι.
1934 902 2155 971 ἐλθών
2191 901 2226 971 ὃ
2259 905 2586 1031 τύραννος

426 1009 537 1073 καὶ
593 1005 710 1075 τὸν
769 1004 916 1072 υἱὸν
976 1004 1137 1075 ἶδῶν
1194 1002 1319 1095 ἤδη
1384 1005 1607 1092 νεκρὸν
1675 1031 1767 1093 τῳ
1840 1000 2022 1093 αὐτῷ
2089 1008 2273 1095 ξίφει
2339 1006 2577 1075 ἑαυτὸν

428 1101 834 1185 ἀπέκτεινεν.
924 1107 1101 1179 αἰτεῖ
1144 1104 1179 1175 ὃ
1229 1103 1540 1177 ἀνελθών
1584 1112 1700 1176 καὶ
1739 1108 1855 1176 τὸν
1900 1113 2018 1176 τοῦ
2061 1110 2385 1197 τυράννου
2430 1110 2577 1178 υἱὸν

427 1204 677 1285 ἀνελών
721 1215 917 1297 γέρας
962 1207 1054 1288 ῶς
1096 1211 1631 1297 τυραννοκτόνος.

352 1338 387 1389 1
602 1320 654 1379 1.
709 1312 852 1381 Δύο
909 1312 1268 1438 τυράννους
1325 1307 1758 1395 ἀποκτείνας,
1828 1299 1883 1379 ῶ
1942 1310 2175 1402 ἄνδρες
2243 1315 2576 1396 δικασταί,

424 1418 586 1497 μιᾶς
629 1411 899 1505 ἡμέρας,
946 1415 1064 1482 τὸν
1107 1416 1226 1500 μὲν
1271 1410 1395 1503 ἤδη
1444 1416 1898 1504 παρηβηκότα,
1944 1416 2061 1482 τὸν
2093 1417 2165 1483 δὲ
2198 1410 2576 1500 ἀκμάζοντα

424 1520 539 1589 καὶ
606 1516 777 1603 πρὸς
847 1516 1158 1603 διαδοχὴν
1223 1521 1356 1585 τῶν
1425 1512 1848 1607 ἀδικημάτων
1913 1517 2371 1605 ἑτοιμότερον,
2437 1512 2578 1603 ήκω

423 1625 586 1703 μίαν
633 1613 815 1703 όμως
873 1614 986 1687 ἐπ’
1053 1614 1464 1708 ἀμφοτέροις
1524 1619 1814 1707 αἰτήσων
1872 1621 2076 1707 δωρει
2093 1648 2126 1687 ν
2179 1621 2388 1705 μόνος
2443 1626 2578 1688 τῶν

424 1721 707 1793 πώποτε
764 1722 1296 1808 τυραννοκτόνων
1352 1725 1571 1812 πληγῇ
1626 1727 1753 1811 μιᾷ
1812 1724 1927 1790 δύο
1996 1722 2331 1812 πονηροὺς
2399 1718 2578 1793 ἀπο-

428 1825 915 1909 σκευασάμενος
958 1829 1067 1892 καὶ
1117 1825 1450 1914 φονεύσας
1491 1825 1611 1905 τὸν
1653 1827 1774 1909 μὲν
1820 1826 2039 1893 παῖδα
2079 1831 2176 1912 τῷ
2208 1826 2410 1915 ξίφει,
2457 1826 2577 1894 τὸν

425 1933 689 2013 πατέρα
735 1928 806 1997 δὲ
850 1933 933 2016 τῇ
978 1927 1152 2016 πρὸς
1195 1927 1312 1995 τὸν
1355 1926 1504 1995 υἱὸν
1536 1929 2000 2017 φιλοστοργίᾳ.
2090 1925 2124 1995 ὅ
2159 1929 2279 2013 μὲν
2314 1915 2430 1996 οὖν
2460 1929 2576 1996 τύ-

426 2055 663 2116 ραννος
709 2024 874 2099 ἀνθ’
927 2025 1020 2106 ῶν
1068 2030 1385 2121 ἐποίησεν
1435 2030 1661 2119 ἱκανὴν
1705 2028 1863 2120 ἡμῖν
1918 2032 2163 2098 δέδωκε
2220 2038 2573 2119 τιμωρίαν,

427 2132 550 2212 ζῶν
626 2133 725 2200 ἔτι
798 2134 917 2218 μὲν
984 2135 1101 2201 τὸν,
1173 2132 1320 2201 υἱὸν
1395 2132 1650 2203 ἐπιδών
1724 2140 2305 2222 προανῃρημένον,
2383 2133 2575 2219 παρὰ

422 2232 540 2323 τὴν
583 2234 891 2326 τελευτὴν
939 2236 1014 2306 δὲ
1070 2229 1597 2323 ἠναγκασμένος,
1658 2234 1734 2302 τὸ
1799 2236 2388 2323 παραδοξότατον,
2452 2229 2573 2303 αὗ·-

420 2336 536 2415 τὸς
601 2334 803 2406 αὑτοῦ,
868 2344 1192 2425 γενέσθαι
1246 2338 1794 2422 τυραννοκτόνος·
1853 2336 1887 2406 ὁ
1950 2352 2118 2416 παῖς
2175 2340 2248 2405 δὲ
2306 2335 2342 2405 ὅ
2404 2337 2575 2406 ἐκεί-

422 2466 536 2508 νου
581 2446 861 2530 τέθνηκε
905 2442 1026 2525 μὲν
1069 2436 1191 2508 ὑπ’
1247 2441 1439 2527 ἐμοῦ,
1499 2438 1875 2531 ὑπηρέτησε
1921 2442 1993 2510 δέ
2047 2468 2165 2526 μοι
2224 2446 2336 2509 καὶ
2396 2435 2574 2508 ἀπο·

420 2542 655 2610 θανών
701 2543 875 2631 πρὸς
935 2540 1136 2611 αλλον
1195 2544 1435 2632 φόνον,
1500 2544 1623 2624 ζῶν
1679 2546 1800 2628 μὲν
1857 2546 2223 2611 συναδικῶν
2278 2547 2376 2630 τῷ
2434 2553 2673 2612 act-14²

351 2652 553 2770 2τρί,
598 2645 765 2730 μετὰ
797 2646 1099 2716 θάνατον
1132 2646 1205 2712 δὲ
1234 2646 1800 2732 πατροκτονήσας,
1836 2643 1928 2724 ῶς
1959 2645 2257 2713 ἐδύνατο.
2348 2652 2409 2715 2.
2453 2645 2573 2732 τὴν

417 2749 537 2832 μὲν
585 2746 698 2815 οὖν
740 2750 1101 2835 τυραννίδα
1146 2744 1180 2814 ὅ
1230 2748 1499 2826 παύσας
1561 2748 1697 2832 εἰμὶ
1755 2748 1879 2834 ἐγώ
1939 2751 2045 2815 καὶ
2105 2748 2180 2816 τὸ
2244 2749 2473 2836 ξίφος,
2534 2748 2570 2816 ὃ

419 2851 645 2921 πάντα
693 2852 1058 2938 εἴργασται,
1107 2849 1297 2935 ἐμον,
1357 2848 1477 2937 τὴν
1524 2851 1597 2917 δὲ
1641 2851 1830 2928 τάξιν
1877 2851 2201 2940 ἐνήλλαξα
2259 2855 2395 2919 τῶν
2442 2851 2573 2938 φό-

420 2980 548 3024 νων
592 2957 704 3022 καὶ
749 2951 867 3022 τὸν
913 2952 1165 3038 τρόπον
1212 2951 1698 3041 ἐκαινοτόμησα
1740 2957 1860 3039 τῆς
1902 2958 2036 3020 τῶν
2093 2957 2407 3041 πονηρῶν
2462 2978 2573 3019 τε-

419 3058 681 3147 λευτῆς,
749 3055 865 3123 τὸν
924 3057 1044 3140 μὲν
1104 3055 1524 3142 ἰσχυρότερον
1581 3060 1691 3122 καὶ
1752 3051 2146 3140 ἀμύνασθαι
2205 3056 2574 3139 δυνάμενον

420 3154 619 3240 αὐτὸς
678 3154 957 3236 ἀνελών,
1025 3156 1141 3226 τὸν
1197 3163 1474 3243 γέροντα
1530 3158 1602 3224 δὲ
1665 3158 1850 3245 μόνῳ
1917 3159 2417 3247 παραχωρήσας
2475 3162 2572 3245 τῷ

346 3275 387 3331 3
425 3264 627 3352 ξίφει.
719 3268 777 3329 3.
826 3261 950 3349 ἐγώ
995 3262 1116 3346 μὲν
1162 3247 1277 3328 οὖν
1319 3263 1430 3328 καὶ
1476 3261 1948 3347 περιττότερόν
2003 3288 2071 3328 τι
2132 3261 2247 3328 ἐπὶ
2302 3262 2572 3341 τούτοις

417 3363 604 3454 ᾤμην
647 3364 1056 3452 γενήσεσθαί
1098 3389 1216 3448 μοι
1262 3356 1430 3450 παρ’
1494 3360 1678 3448 ὑμῶν
1736 3368 1847 3431 καὶ
1905 3363 2160 3451 δωρεὰς
2217 3363 2573 3455 λήψεσθαι

419 3471 829 3553 ἰσαρίθμους
875 3480 1016 3544 τοῖς
1071 3460 1537 3554 ἀνῃρημένοις,
1598 3463 1689 3543 ῶς
1745 3456 1827 3533 ἀν
1886 3460 1960 3532 οὗ
2019 3470 2151 3533 τῶν
2210 3466 2570 3551 παρόντων

418 3565 815 3647 ἀπαλλάξας
869 3565 1041 3654 ὑμᾶς
1095 3569 1330 3654 μόνον,
1403 3562 1573 3635 ἀλλὰ
1633 3572 1744 3636 καὶ
1810 3572 1925 3656 τῆς
1989 3573 2121 3635 τῶν
2187 3569 2571 3652 μελλόντων

415 3675 631 3738 κακῶν
691 3670 996 3751 ἐλπίδος,
1055 3675 1168 3738 καὶ
1226 3670 1346 3760 τὴν
1405 3670 1792 3756 ἐλευθερίαν
1847 3676 2121 3753 βέβαιον
2180 3672 2568 3756 παρασχών,

417 3769 686 3852 οὐδενὸς
743 3777 1361 3859 παραλελειμμένου
1426 3773 1835 3860 κληρονόμου
1901 3777 2033 3838 τῶν
2103 3767 2570 3860 ἀδικημάτων·

413 3875 661 3960 μεταξὺ
739 3877 811 3944 δὲ
881 3876 1238 3946 κινδυνεύω
1312 3879 1606 3944 τοσαῦτα
1678 3874 2125 3960 κατορθώσας
2201 3869 2568 3961 ἀγέραστος

416 3973 747 4046 ἀπελθεῖν
793 3973 958 4064 παρ’
1010 3975 1196 4062 ὑμῶν
1241 3982 1351 4046 καὶ
1395 3977 1600 4063 μόνος
1645 3981 2006 4061 στερέσθαι
2054 3980 2171 4066 τῆς
2210 3975 2398 4063 παρὰ
2431 3980 2568 4043 τῶν
