2800 4500
371 1286 594 1368 ΠῼΣ
641 1286 813 1367 ΔΕΙ
859 1285 1388 1370 ΙΣΤΟΡΙΑΝ
1433 1285 2137 1367 ΣῩΓΓΡΑΦΕΙΝ.

100 1458 149 1542 1⁶
400 1483 453 1541 1.
495 1468 965 1561 ’Ἀβδηρίταις
1008 1477 1180 1561 φασὶ
1224 1473 1626 1557 Λυσιμάχου
1682 1467 1806 1561 ἤδη
1862 1473 2336 1557 βασιλεύοντος
2371 1490 2404 1541 1

172 1576 499 1659 ἐμπεσεῖν
543 1602 611 1642 τι
656 1575 945 1663 νόσημα,
1005 1561 1058 1639 (3
1104 1576 1263 1640 καλὲ
1312 1577 1574 1654 Φίλων,
1620 1577 1921 1641 τοιοῦτο·
1985 1580 2335 1660 πυρέττειν

170 1679 296 1761 μὲν
355 1676 481 1764 γὰρ
537 1676 621 1743 τὰ
682 1681 918 1761 πρῶτα
963 1677 1301 1764 πανδημεὶ
1349 1677 1657 1754 ἅπαντας
1715 1670 1852 1743 άπὸ
1902 1681 2020 1764 τῆς
2063 1677 2336 1764 πρώτης

175 1774 386 1857 εὐθὺς
445 1779 795 1865 ἐρρωμένῳ
851 1784 963 1847 καὶ
1022 1781 1296 1865 λιπαρεῖ
1353 1805 1449 1864 τῳ
1516 1782 1814 1864 πυρετῷ,
1873 1783 2026 1863 περὶ
2088 1779 2160 1845 δὲ
2219 1777 2337 1864 τὴν

102 1900 128 1949 2
172 1881 468 1967 ἑβδόμην
510 1896 653 1958 τοῖς
694 1881 815 1963 μὲν
863 1880 1029 1963 αἷμα
1075 1879 1248 1946 πολὺ
1298 1880 1366 1946 ἐκ
1411 1880 1611 1967 ῥινιῦν
1643 1881 1812 1966 ῥυέν,
1858 1894 2003 1958 τοῖς
2034 1874 2095 1946 δ’
2138 1878 2339 1965 ἱδρώς

177 1982 681 2069 ἐπιγενόμενος,
743 1981 953 2060 πολὺς
1010 1987 1123 2049 καὶ
1182 1976 1406 2061 οὗτος,
1467 1982 1658 2048 ἔλυσε
1710 1981 1829 2048 τόν
1873 1982 2181 2067 πυρετόν.
2274 1981 2339 2060 ἐς

174 2089 441 2171 γελοῖον
489 2085 562 2151 δέ
607 2111 673 2151 τι
719 2084 954 2162 πάθος
1000 2091 1311 2172 περιέστη
1360 2083 1481 2162 τὰς
1519 2084 1787 2169 γνώμας
1819 2078 2071 2150 αὐτῶν·
2121 2077 2338 2150 ἅπαν-

176 2213 288 2267 τες
316 2185 458 2273 ,γὰρ
506 2186 573 2265 ἐς
602 2188 981 2274 τραγῳδίαν
1013 2193 1412 2274 παρεκίνουν
1449 2189 1560 2254 καὶ
1609 2186 1883 2271 ἰαμβεῖα
1929 2185 2337 2274 ἐφθέγγοντο

177 2292 293 2356 καὶ
337 2293 506 2374 μέγα
554 2287 796 2372 ἐβόων,
853 2288 1147 2373 μάλιστα
1193 2290 1265 2355 δὲ
1308 2288 1429 2374 τὴν
1478 2283 1850 2372 Εὐριπίδου
1889 2283 2339 2374 Ἀνδρομέδαν

181 2390 564 2475 ἐμονῳδουν
595 2393 707 2456 καὶ
737 2388 856 2477 τὴν
893 2393 1012 2455 τοῦ
1043 2395 1361 2474 Περσέως
1406 2390 1596 2477 ῥῆσιν
1643 2388 1709 2455 ἐν
1753 2395 1938 2476 μέρει
1973 2389 2335 2476 διεξῄεσαν,

179 2496 291 2560 καὶ
338 2492 546 2578 μεστὴ
594 2479 673 2581 ἦν
717 2488 757 2581 ἡ
804 2492 1005 2570 πόλις
1058 2495 1192 2558 τῶν
1237 2492 1613 2575 ἑβδομαίων
1669 2490 1931 2559 ἐκείνων
1986 2493 2342 2578 τραγωδων

183 2588 414 2681 ωχριῦν
460 2591 781 2660 ἁπάντων
824 2597 937 2660 καὶ
983 2597 1263 2673 λεπτῶν,

487 2719 566 2762 συ
614 2690 677 2762 δ’
731 2723 783 2761 ω
829 2699 1013 2762 θεῶν
1055 2695 1331 2781 τύραννε
1373 2691 1803 2779 κάνθρώπων
1833 2691 2058 2781 Ἔρως,

183 2801 293 2864 καὶ
340 2797 424 2864 τὰ
474 2793 642 2863 ἄλλα
686 2797 936 2885 μεγάλῃ
983 2801 1064 2884 τῇ
1096 2801 1289 2884 φωνῇ
1337 2791 1778 2890 ἀναβοώντων
1824 2801 1934 2865 καὶ
1981 2802 2179 2865 τοῦτο
2227 2797 2338 2865 ἐπὶ
2381 2851 2390 2856 -

185 2901 379 2981 πολύ,
428 2896 580 2985 ἄχρι
627 2899 704 2988 δὴ
747 2898 998 2985 χειμών
1029 2902 1135 2966 καὶ
1166 2899 1362 2983 κρύος
1395 2901 1467 2966 δὲ
1498 2905 1667 2985 μέγα
1696 2900 2045 2985 γενόμενον
2092 2901 2346 2967 ἔπαυσε

188 3007 551 3090 ληροῦντας
599 2997 855 3081 αὐτούς.
934 3002 1157 3069 αἰτίαν
1205 3002 1277 3067 δέ
1321 3028 1441 3085 μοι
1487 3003 1666 3069 δοκεῖ
1696 3006 1813 3069 τοῦ
1855 3003 2163 3070 τοιούτου
2210 3030 2346 3069 πα·-

115 3125 142 3171 3
186 3119 453 3190 ρασχεῖν
492 3099 851 3188 Ἀρχέλαος
896 3100 931 3171 ὃ
979 3104 1356 3191 τραγῳδός,
1418 3098 1783 3186 εὐδοκιμῶν
1826 3105 2011 3186 τότε,
2066 3109 2345 3187 μεσοῦν-

186 3230 304 3283 τος
346 3212 595 3292 θέρους
641 3206 708 3273 ἐν
754 3208 988 3291 πολλῷ
1032 3209 1128 3292 τῷ
1173 3208 1453 3294 φλογμῷ
1494 3207 1927 3294 τραγῳδήσας
1958 3199 2184 3284 αὐτοῖς
2227 3205 2346 3291 τὴν

180 3302 655 3395 Ἀνδρομέδαν,
706 3304 796 3386 ὦς
843 3308 1126 3393 πυρέξαι
1169 3333 1244 3375 τε
1291 3302 1429 3374 άπὸ
1476 3311 1595 3374 τοῦ
1639 3309 1934 3394 θεάτρου
1977 3307 2134 3386 τοὺς
2177 3310 2346 3375 πολ-

192 3410 346 3486 λοὺς
400 3413 513 3478 καὶ
570 3404 987 3488 ἀναστάντας
1044 3410 1318 3496 ὕστερον
1387 3409 1455 3488 ἐς
1519 3409 1638 3498 τὴν
1694 3411 2072 3497 τραγῳδίαν
2132 3437 2347 3496 παρο-

44 3551 45 3604 ἢ
194 3518 606 3592 λισθαίνειν,
669 3512 786 3579 ἐπὶ
844 3511 1016 3578 πολὺ
1087 3511 1675 3600 ἐμφιλοχωρούσης
1730 3516 1849 3599 τῆς
1898 3506 2349 3598 Ἀνδρομέδας

46 3615 47 3658 ³
192 3619 274 3702 τῇ
330 3613 549 3702 μνήμῃ
613 3606 829 3681 αὐτῶν
884 3616 998 3680 καὶ
1053 3617 1172 3680 τοῦ
1217 3618 1535 3700 Περσέως
1580 3613 1679 3681 ἔτι
1733 3613 1852 3680 σὺν
1894 3618 1979 3701 τῇ
2025 3615 2347 3701 Μεδούση

195 3717 316 3805 τὴν
360 3716 642 3783 εκάστου
687 3717 949 3836 γνώμην
994 3721 1548 3804 περιπετομένου.

408 3825 467 3885 2.
529 3815 638 3896 Ὡς
683 3845 798 3886 ουν
832 3819 916 3901 έν,
964 3826 1194 3908 φασίν,
1241 3818 1336 3885 ἑνὶ
1376 3818 1935 3905 παραβαλεῖν,τὸ
1962 3813 2418 3908 Ἀβδηριτι-2

198 3920 311 3987 κὸν
369 3919 576 3988 ἐκεῖνο
637 3921 873 3999 πάθος
928 3924 1040 3989 καὶ
1086 3925 1197 3988 νῦν
1255 3919 1411 3998 τοὺς
1455 3920 1750 3999 πολλοὺς
1798 3924 1932 3987 τιῦν
1977 3923 2349 3989 πεπαιδευ-

203 4028 413 4104 μένων
459 4022 966 4110 περιελήλυθεν,
1014 4049 1129 4106 ουχ
1175 4016 1346 4090 ώστε
1390 4024 1756 4109 τραγῳδεῖν
1791 4061 1874 4072 -
1907 4022 2182 4089 έλαττον
2223 4024 2374 4123 γιῖερκ

311 4132 480 4175 Luciam
510 4132 565 4176 ΙΙ.
597 4137 634 4175 1.
2014 4130 2035 4175 1
