2800 4500
2562 8 2738 94 -ι

455 247 500 304 ‘l
510 248 592 305 64
1365 246 1737 301 ΛΟΥΚΙΑΝΟΥ

454 410 584 498 οὐχ
629 409 820 493 ὅπως
864 414 1118 482 τούτων
1164 409 1699 483 ἀποκεκλεῖσθαι
1740 408 1964 501 ἠξίου,
2026 408 2196 479 ἀλλὰ
2252 417 2362 480 καὶ
2418 415 2590 500 ἱερῶν

456 511 732 606 ι[αὐτῶν]
762 520 876 584 καὶ
905 524 1482 606 περιρραντηρίων
1510 519 1617 584 καὶ
1663 520 1797 583 τῶν
1841 520 2080 583 κοινῶν
2111 512 2429 584 ἁπάντων
2456 519 2590 582 συλ-

470 619 701 706 λόγων,
750 619 1227 686 δυσοιώνιστόν
1278 645 1344 687 τι
1393 613 1798 708 ἀποφαίνων
1840 621 1955 685 καὶ
1999 618 2404 706 δυσάντητον
2444 623 2590 684 θέα-

455 748 593 806 μα,
669 720 735 789 εἴ
794 745 899 798 τις
964 720 1180 788 ἕωθεν
1247 721 1441 800 ἐξιών
1505 721 1576 788 ἐκ
1638 724 1756 809 τῆς
1820 720 2035 799 οἰκίας
2106 720 2246 787 ἰ’δοι
2311 720 2592 787 τοιοῦτόν

465 851 637 892 τινα.
734 827 846 891 καὶ
907 821 1119 902 πολύς
1177 810 1256 914 ἦν
1312 820 1347 891 o‘
1409 826 1567 910 περὶ
1621 824 1859 890 τούτου
1917 822 2141 908 λόγος,
2201 817 2352 889 οὔτε
2410 818 2592 906 ἄνδρα

461 923 620 994 οὔτε
661 940 935 1012 γυναῖκα
981 923 1153 994 εἶναι
1204 924 1323 993 τὸν
1380 919 1684 1008 εὖνοῦχον
1741 927 2075 1012 λέγοντος,
2135 918 2306 991 ἄλλα
2348 950 2421 991 τι
2458 924 2592 990 σύν-

457 1035 674 1096 θετον
737 1032 848 1096 καὶ
912 1028 1145 1112 μικτὸν
1208 1030 1317 1094 καὶ
1385 1028 1754 1114 τερατῶδες
1819 1026 1947 1106 ἔξω
2000 1031 2121 1114 τῆς
2178 1020 2591 1112 ἀνθρωπείας

466 1131 750 1221 φύσεως.

634 1236 957 1299 ΠΑΜΦ.
1046 1231 1299 1298 Καινόν
1341 1255 1416 1317 γε
1458 1229 1534 1298 τὸ
1583 1231 1869 1319 ε’γκλημα
1901 1230 2052 1319 φής,
2097 1217 2152 1296 ῶ
2181 1240 2455 1312 Λυκῖνε,
2499 1233 2591 1297 καὶ

461 1330 587 1457 ἤδη
634 1336 829 1419 γελᾶν
872 1335 986 1401 καὶ
1016 1326 1237 1415 αὐτός,
1282 1319 1337 1398 ῶ
1369 1333 1610 1420 ἑταῖρε,
1654 1357 2044 1420 προαγομαι
2070 1337 2189 1422 τῆς
2220 1332 2590 1417 παραδόξου

464 1436 709 1524 ταύτης
752 1444 1150 1523 κατηγορίας
1197 1429 1478 1503 ἇκούων.
1565 1441 1635 1503 τί
1685 1430 1749 1501 δ’
1816 1461 1933 1502 ουν
1991 1427 2260 1520 ὅτεροςς
2315 1461 2444 1521 αρα
2493 1434 2590 1522 τὴν

463 1534 740 1628 ἡσυχίαν
795 1534 1063 1628 ἤγαγεν,
1130 1534 1174 1626 ἤ
1225 1564 1298 1605 τι
1353 1536 1527 1621 πρὸς
1578 1541 1789 1604 ταῦτα
1845 1542 1959 1605 καὶ
2018 1531 2219 1616 αὐτὸς
2275 1531 2590 1605 αντειπεῖν

466 1639 865 1727 ἐτόλμησενς

395 1755 431 1808 ’2
638 1750 696 1808 7.
742 1749 964 1810 AYK.
1060 1740 1162 1808 Τὰ
1206 1742 1327 1825 μὲν
1373 1745 1615 1828 πρῶτα
1653 1735 1779 1810 ὕπ’
1833 1741 2063 1821 αἰδοῦς
2103 1745 2217 1809 καὶ
2249 1743 2590 1821 δειλίας-

467 1844 711 1912 οἰκεῖον
754 1843 880 1932 γὰρ
927 1838 1155 1922 αὐτοῖς
1196 1843 1272 1910 τὸ
1319 1848 1624 1914 τοιοῦτον
1667 1882 1749 1893 --
1797 1843 1915 1911 ἐπὶ
1959 1843 2131 1911 πολι)
2194 1844 2462 1912 ἐσιώπα
2499 1847 2589 1910 καὶ

465 1938 762 2034 ἠρυθρία
807 1949 918 2016 καὶ
966 1945 1156 2013 ἰδίων
1203 1944 1497 2034 φανερὸς
1536 1936 1649 2032 ἦν,
1707 1949 1899 2025 τέλος
1945 1947 2019 2013 δὲ
2079 1946 2325 2014 λεπτόν
2382 1972 2452 2015 τι
2499 1948 2590 2011 καὶ

464 2063 838 2136 γυναικεῖον
884 2048 1350 2138 φθεγξάμενος
1395 2042 1473 2115 ού
1534 2049 1760 2116 δίκαια
1817 2063 2044 2116 ποιεῖν
2103 2047 2232 2137 ἔφη
2289 2048 2408 2115 τὸν
2449 2055 2590 2116 Διο-

465 2153 623 2218 κλέα
668 2154 1085 2240 φιλοσοφίας
1130 2145 1579 2217 ἀποκλείοντα
1623 2145 1928 2234 εὐνοῦχον
1975 2147 2166 2233 ὅντα,
2222 2145 2306 2241 ἧς
2346 2154 2455 2218 καὶ
2496 2175 2589 2237 γυ·

463 2254 642 2333 ναιξὶ
685 2268 1016 2338 μετεῖναι·
1062 2259 1174 2322 καὶ
1218 2256 1601 2342 παρήγοπο
1627 2249 1977 2321 Ἀσπασία
2020 2257 2132 2321 καὶ
2159 2260 2460 2340 Διοτίμα
2496 2255 2586 2320 καὶ

472 2359 815 2445 Θαργηλία
875 2355 1446 2445 συνηγορήσουσαι
1512 2351 1723 2441 αύτῶ,
1790 2362 1905 2423 καί
1968 2381 2074 2434 τις
2123 2350 2661 2445 ἈκαδημαῖκοςΒδθ

467 2452 770 2541 ευνοῦχος
828 2484 897 2525 εκ
952 2459 1222 2525 Κελτῶν
1289 2452 1519 2543 ὀλίγον
1583 2457 1718 2545 πρὸ
1784 2455 1971 2545 ἡμῶν
2043 2453 2476 2588 εύδοκιμησας
2533 2456 2589 2523 ἐν

465 2575 609 2640 τοῖς
642 2560 973 2649 Ἕλλησιν.
1062 2556 1098 2626 ὅ
1151 2561 1445 2649 Διοκλῆς
1503 2560 1574 2626 δὲ
1633 2554 1932 2628 κάκεῖνον
1992 2554 2227 2649 αυτόν,
2285 2561 2472 2646 είπερ
2519 2544 2587 2648 ἦν

465 2666 578 2729 καὶ
621 2667 756 2729 τῶν
799 2659 1054 2745 ὁμοίων
1108 2676 1569 2746 μετεποιεῖτο,
1629 2660 1838 2750 εἶρξεν
1897 2691 1977 2731 αν
2036 2657 2111 2730 ού
2166 2664 2590 2748 καταπλαγεὶς

469 2759 671 2832 αὐτοῦ
713 2764 834 2854 τὴν
882 2763 1069 2852 παρὰ
1115 2778 1258 2841 τοῖς
1305 2766 1587 2843 πολλοῖς
1629 2765 1865 2844 δόξαν·
1910 2772 2024 2833 καί
2059 2790 2249 2844 τινας
2274 2770 2385 2833 καὶ
2419 2759 2591 2840 αὐτὸς

469 2861 973 2954 ἀπεμνημόνευε
1018 2865 1252 2952 λόγους
1300 2870 1413 2934 καὶ
1472 2866 1646 2954 πρὸς
1702 2866 1947 2935 ἐκεῖνον
1999 2864 2134 2934 ὖπό
2192 2893 2266 2934 τε
2309 2868 2590 2935 Στωῖκων

467 2971 581 3036 καὶ
640 2971 947 3035 Κυνικῶν
1008 2968 1302 3053 μάλιστα
1372 2968 1756 3057 εἰρημένους
1819 2968 1995 3057 πρὸς
2057 2970 2134 3037 τὸ
2157 2971 2588 3090 γελοιότερον

398 3080 434 3135 8
474 3070 591 3137 επὶ
634 3073 739 3194 τῶ
778 3064 999 3137 ἆτελεῖ
1041 3074 1159 3137 τοῦ
1204 3094 1534 3154 σωματος.
1625 3076 1683 3139 8.
1732 3071 1801 3138 ἐν
1845 3071 2112 3151 τούτοις
2139 3056 2218 3162 ἦν
2243 3087 2388 3152 τοῖς
2431 3073 2587 3140 δικα-

470 3186 662 3251 σταῖς
704 3172 743 3261 ἡ
793 3172 1132 3263 διατριβή·
1192 3175 1302 3239 καὶ
1350 3172 1426 3239 τὸ
1476 3173 1843 3261 κεφάλαιον
1886 3170 2012 3262 ἤδη
2071 3179 2188 3241 τοῦ
2243 3181 2586 3260 σκέμματος

466 3278 662 3341 τοῦτο
710 3273 1051 3362 ἐτύγχανεν
1100 3270 1209 3356 όν,
1271 3273 1331 3341 εἰ
1392 3275 1827 3358 δοκιμαστέος
1884 3271 2190 3359 εὐνοῦχος
2245 3276 2364 3344 ἐπὶ
2419 3278 2586 3365 φιλο-

470 3383 685 3464 σοφίᾳ
729 3378 1208 3463 παραγγέλλων
1251 3378 1359 3444 καὶ
1423 3381 1587 3444 νέων
1640 3384 2064 3462 προστασίαν
2120 3377 2587 3467 ἐγχειρισθῆναι

471 3472 675 3555 ἀξιῶν
694 3499 708 3513 ·
742 3482 861 3544 τοῦ
888 3478 1011 3561 μὲν
1041 3476 1174 3565 [καὶ
1206 3477 1451 3569 σχῆμα]
1483 3482 1595 3547 καὶ
1627 3475 1937 3564 σώματος
1967 3474 2312 3568 εὐμοιρίαν
2344 3492 2589 3567 προσεῖ-

469 3605 579 3645 ναι
626 3579 991 3668 φιλοσόφῳ
1036 3581 1173 3647 δεῖν
1220 3583 1558 3666 λέγοντος,
1614 3584 1726 3648 καὶ
1785 3581 1861 3648 τὸ
1926 3587 2268 3669 μέγιστον,
2328 3584 2590 3670 πώγωνα

465 3679 692 3765 βαθὺν
761 3679 931 3763 ἔχειν
998 3675 1197 3748 αὐτὸν
1263 3686 1376 3749 καὶ
1441 3696 1584 3761 τοῖς
1649 3687 2010 3770 προσιοῦσι
2074 3688 2184 3752 καὶ
2243 3685 2591 3769 μανθάνειν

468 3785 904 3867 βουλομένοις
950 3776 1347 3861 ἀξιόπιστον
1405 3787 1517 3851 καὶ
1573 3790 1923 3872 πρέποντα
1982 3800 2131 3864 ταῖς
2186 3794 2485 3872 μυρίαις,
2526 3784 2593 3864 ἃς

472 3883 594 3970 χρὴ
642 3884 829 3969 παρὰ
874 3887 1202 3969 βασιλέως
1249 3880 1751 3973 ἀποφέρεσθαι,
1798 3927 1882 3939 --
1926 3886 2001 3954 τὸ
2054 3888 2126 3955 δὲ
2160 3893 2280 3956 τοῦ
2310 3883 2592 3971 εὐνούχου

478 3988 589 4051 καὶ
620 3989 752 4050 τῶν
781 3985 1088 4075 βακήλων
1114 4000 1333 4073 χεῖρον
1366 3984 1568 4055 εἶναι·
1613 3987 1769 4067 τοὺς
1812 3990 1933 4072 μὲν
1967 3987 2094 4077 γὰρ
2120 3981 2243 4059 κᾶν
2273 3993 2586 4079 πεπειρᾶ-
2605 3998 2666 4050 ³⁵⁷
