2800 4500
480 244 508 295 1
520 238 603 296 24
1352 240 1727 293 ΔΟΥΚΙΑΝΟΥ

369 408 446 462 53
649 414 749 474 53.
800 402 1100 495 Ὀλίγους
1166 410 1238 476 δὲ
1302 413 1414 478 καὶ
1478 414 1613 477 τῶν
1681 410 1830 493 ἐμοὶ
1898 409 2239 477 δοθέντων
2307 406 2621 477 ἄκουσον*

475 511 794 596 ἐρομένου
844 511 968 598 γάρ
1023 537 1152 594 μου
1212 513 1271 579 εἰ
1338 512 1681 601 φαλακρός
1748 511 1927 578 ἐστιν
1977 506 2450 597 Ἀλέξανδρος,
2514 516 2625 579 καὶ

472 619 1105 701 κατασημηναμένου
1177 620 1549 702 περιέργως
1613 618 1725 682 καὶ
1792 618 2163 702 προφανῶς
2234 611 2624 701 ὑπογράφε-

472 742 585 783 ται
624 715 921 803 χρησμὸς
964 716 1402 804 νυκτερήσιος,

758 819 1281 905 Σαβαρδαλαχου
1325 819 1550 903 μάλαχ
1579 813 1815 896 ’Ἀττις
1874 813 2076 895 ἄλλος
2117 804 2217 905 ἧν.
2250 820 2343 905 (†)

472 923 584 986 καὶ
629 920 840 986 πάλιν
885 919 1048 1004 ἐμοῦ
1093 921 1406 1008 ἐρομένου
1452 920 1521 987 ἐν
1567 921 1685 987 δύο
1741 923 2036 1005 βιβλίοις
2096 920 2459 1047 διαφόροις
2514 920 2628 1009 τὴν

476 1017 679 1109 αὐτὴν
726 1022 1070 1111 ἐρωτησιν,
1113 1022 1338 1091 πόθεν
1382 1021 1464 1108 ἠν
1477 1016 1782 1112 Όμηρος
1825 1019 1860 1089 ὃ
1908 1021 2214 1110 ποιητής,
2253 1017 2378 1089 ἐπ’
2421 1017 2625 1089 αλλου

472 1129 584 1193 καὶ
633 1121 840 1192 άλλου
890 1120 1257 1211 ονόματος,
1300 1152 1395 1213 τῳ
1445 1124 1648 1213 ἑτέρῳ
1692 1126 1812 1209 μὲν
1855 1122 2248 1211 ὑπέγραψεν
2292 1125 2626 1213 ἐξαπατη-

476 1232 632 1306 θεὶς
660 1224 796 1295 ὕπὸ
843 1231 963 1295 τοῦ
1007 1227 1169 1310 ἐμοῦ
1213 1234 1557 1295 νεανίσκου
1602 1264 1686 1275 -—·
1733 1227 2099 1315 ἐρωτηθεὶς
2141 1225 2269 1313 γὰρ
2314 1222 2428 1313 ἐφ’
2479 1221 2522 1295 ά
2564 1254 2625 1294 τι

475 1325 609 1417 ἧκε,
641 1335 1139 1415 ,,Θεραπείαν“,
1172 1330 1321 1418 ἔφη,
1352 1329 1692 1416 ,,αἰτήσων
1723 1328 1898 1416 πρὸς
1921 1324 2157 1417 ὀδύνην
2181 1331 2518 1416 πλευροῦ“
2549 1368 2627 1378 -

690 1433 983 1517 Κυτμίδι
1022 1438 1345 1519 χρίεσθαι
1387 1433 1670 1515 κέλομαι
1717 1431 1951 1518 δροσίῃ
1997 1457 2069 1497 τε
2112 1433 2415 1520 κέλητος·
2644 1442 2718 1492 258

476 1541 575 1624 τῷ
621 1531 683 1603 δ’
747 1536 981 1622 ἑτέρῳ,
1041 1534 1191 1602 ἐπεὶ
1247 1539 1361 1602 καὶ
1420 1528 1607 1601 τοῦτ’
1670 1528 1937 1622 ἠκηκόει
1992 1530 2087 1610 ὥς
2141 1533 2456 1618 ἐρομένου
2513 1539 2629 1601 τοῦ

479 1645 901 1725 πέμψαντος,
949 1638 1085 1705 εἴτε
1127 1664 1247 1722 μοι
1290 1640 1583 1704 πλεῦσαι
1627 1631 1728 1703 ἐπ’
1761 1631 2056 1705 Ἰταλίαν
2087 1635 2222 1703 εἴτε
2252 1636 2628 1726 πεζοπορῆ-

482 1766 600 1809 σαι
649 1743 844 1828 λῷον,
891 1735 1300 1824 ἀπεκρίνατο
1346 1733 1538 1807 οὐδὲν
1583 1738 1760 1825 πρὸς
1800 1737 1919 1805 τὸν
1949 1732 2285 1826 τὈμηρον·

619 1841 741 1933 Μὴ
792 1843 871 1909 σύ
915 1868 989 1929 γε
1033 1845 1441 1927 πλωέμεναι,
1484 1841 1691 1928 πεζὴν
1736 1842 1808 1908 δὲ
1851 1835 1988 1908 κατ’
2041 1838 2235 1925 οἶμον
2281 1835 2488 1922 fidam.

376 1957 453 2012 54
483 1953 587 2012 54.
650 1946 872 2012 πολλὰ
928 1944 1054 2032 γὰρ
1110 1949 1393 2013 τοιαῦτα
1435 1947 1546 2011 καὶ
1607 1938 1807 2022 αύτὸς
1863 1943 2372 2032 ἐμηχανησάμην
2432 1938 2627 2031 αὐτῷ,

482 2048 624 2115 οἷον
666 2050 778 2115 καὶ
826 2048 1069 2116 ἐκεῖνο·
1131 2054 1292 2131 μίαν
1351 2047 1675 2136 ἐρώτησιν
1731 2047 2073 2133 ἐρωτήσας
2126 2046 2483 2134 ἐπέγραψα
2540 2050 2629 2133 τῷ

481 2153 722 2238 βιβλίῳ
766 2149 936 2217 κατὰ
980 2149 1055 2218 τὸ
1106 2151 1301 2229 ἔθος·
1361 2154 1481 2217 τοῦ
1528 2151 1743 2228 δεῖνος
1781 2153 2068 2239 χρησμοὶ
2112 2144 2315 2231 ὀκτώ,
2374 2148 2628 2233 ψευσά-

483 2256 681 2340 μενός
723 2281 790 2322 τι
833 2250 1079 2338 ὄνομα,
1137 2257 1251 2321 καὶ
1294 2254 1419 2332 τὰς
1463 2246 1635 2321 ὀκτώ
1683 2253 1978 2341 δραχμὰς
2027 2257 2139 2321 καὶ
2194 2252 2273 2320 τὸ
2331 2250 2629 2338 γιγνόμε-

488 2383 600 2423 νον
646 2357 747 2424 ἔτι
790 2354 964 2437 πρὸς
1007 2355 1285 2432 ταύταις
1326 2361 1645 2441 πέμψας·
1703 2352 1739 2422 ὅ
1791 2356 1863 2422 δὲ
1906 2354 2276 2433 πιστεύσας
2332 2358 2414 2442 τῇ
2461 2348 2630 2420 ἄπο·-

489 2464 733 2547 πομπῇ
774 2463 894 2526 τοῦ
938 2463 1199 2542 μισθοῦ
1253 2462 1364 2525 καὶ
1423 2462 1507 2546 τῇ
1562 2457 1908 2547 ἐπιγραφῇ
1961 2463 2082 2526 τοῦ
2134 2460 2405 2544 βιβλίου
2464 2456 2632 2542 πρὸς

485 2570 646 2647 μίαν
715 2561 1034 2647 ἐρώτησιν
1090 2599 1171 2609 --
1228 2547 1305 2649 ἦν
1366 2561 1437 2627 δὲ
1497 2554 1694 2649 αῦτη’
1764 2563 1934 2628 πότε
1991 2555 2328 2628 ἁλώσεται
2380 2585 2630 2646 μαγγα-

485 2665 691 2732 νεύων
719 2659 1205 2748 Ἀλέξανδροςς
1246 2700 1332 2711 -
1374 2657 1547 2729 ὀκτώ
1592 2689 1712 2747 μοι
1752 2662 2086 2752 χρησμοὺς
2130 2662 2438 2750 ἐπεμψεν
2483 2656 2632 2730 οὕτε

484 2770 602 2852 γῆς
668 2788 880 2853 φασιν
947 2760 1100 2831 οὔτε
1158 2758 1444 2849 ούρανοῦ
1502 2761 1921 2848 ἁπτομένους
1934 2818 1952 2847 ,
2013 2760 2332 2851 ἀνοήτους
2391 2766 2464 2832 δὲ
2520 2766 2629 2831 καὶ

485 2867 887 2956 δυσνοήτους
942 2860 1268 2943 ἅπαντας.
1360 2867 1533 2954 ὅπερ
1591 2860 1869 2953 ὕστερον
1933 2867 2342 2950 αἰσθόμενος
2383 2871 2496 2935 καὶ
2526 2861 2632 2934 ὅτι

484 2967 601 3037 τὸν
640 2965 1085 3036 Ῥουτιλιανὸν
1131 2961 1520 3054 ἀπέτρεπον
1564 2967 1687 3054 ἐγώ
1734 2972 1848 3036 καὶ
1904 2973 2023 3035 τοῦ
2079 2968 2295 3054 γάμου
2346 2974 2460 3037 καὶ
2512 2973 2631 3036 τοῦ

486 3075 942 3157 προσκεῖσθαι
982 3083 1131 3148 ταῖς
1175 3073 1295 3137 τοῦ
1332 3077 1734 3159 χρηστηρίου
1779 3070 2067 3153 ἐλπίσιν,
2114 3071 2365 3156 ἐμίσει,
2419 3068 2510 3150 ὥς
2553 3070 2628 3137 τὸ

487 3174 679 3259 εἰκός,
726 3175 838 3240 καὶ
885 3172 1200 3255 ἐ’χθιστον
1242 3169 1487 3259 ἡγεῖτο.
1575 3180 1691 3241 καί
1732 3199 1902 3241 ποτε
1945 3177 2102 3260 περὶ
2134 3175 2296 3257 ἐμοῦ
2341 3175 2631 3261 ἐρομένῳ

486 3280 582 3362 τῷ
620 3272 1041 3361 Ῥουτιλιανῴ
1086 3274 1246 3363 ἔφη·

613 3371 1112 3455 Νυκτιπλάνοις
1156 3371 1389 3464 ὀάροις
1429 3385 1651 3462 χαίρει
1707 3385 1964 3456 κοίταις
2014 3403 2087 3445 τε
2132 3378 2503 3465 δυσάγνοις.

381 3491 456 3545 55
488 3486 589 3547 55.
621 3482 733 3546 καὶ
763 3472 936 3556 ὅλως
967 3478 1280 3561 ἔχθιστος
1310 3479 1583 3557 εἰκότως
1611 3466 1691 3568 ἦν
1723 3479 1871 3567 ἐγώ.
1938 3474 2224 3567 κάπειδὴ
2259 3479 2725 3548 ἐσελθόνταῇθ

484 3605 567 3663 με
612 3579 680 3657 ἐς
705 3578 827 3669 τὴν
855 3579 1058 3648 πόλιν
1086 3576 1340 3668 ᾔσθετο
1370 3584 1485 3648 καὶ
1515 3580 1771 3665 ἔμαθεν
1802 3577 1892 3660 ὥς
1922 3580 2165 3659 ἐκεῖνος
2197 3582 2338 3670 εἴην
2370 3579 2405 3649 ὅ
2436 3591 2634 3649 Λου-

483 3681 716 3759 κιανός
758 3719 840 3730 -
885 3681 1223 3771 ἐπηγόμην
1269 3683 1341 3749 δὲ
1385 3684 1497 3749 καὶ
1545 3683 1956 3767 στρατιώτας
2011 3683 2161 3764 δύο,
2223 3683 2637 3772 λογχοφόρον

483 3788 593 3851 καὶ
638 3778 1083 3870 κοντοφόρον,
1140 3783 1327 3869 παρὰ
1370 3788 1491 3850 τοῦ
1532 3781 1894 3872 ἡγουμένου
1949 3789 2067 3873 τῆς
2110 3787 2636 3863 Καππαδοκίας,

486 3887 686 3974 φίλου
732 3881 943 3967 ὄντος,
991 3885 1230 3969 λαβών,
1278 3878 1369 3963 ω’ς
1412 3912 1497 3971 με
1540 3892 2079 3973 παραπέμψειαν
2126 3884 2277 3973 α’χρι
2314 3888 2491 3971 πρὸς
2515 3886 2638 3994 τὴν

485 3987 831 4054 θάλατταν
876 4027 956 4036 --
1006 3984 1238 4053 αὐτίκα
1281 3990 1796 4070 μεταστέλλεται
1841 3989 2073 4067 δεξιῶς
2111 3990 2290 4056 πάνυ
2318 3994 2429 4058 καὶ
2460 4015 2635 4074 μετα
