2800 4500
436 248 522 305 34
1317 247 1689 302 ΔΟΥΚΙΑΝΟΥ

435 443 630 503 γοντο
676 418 749 484 δὲ
791 409 1109 485 κάκείνων
1154 412 1517 504 ὖστερίζειν
1575 421 1709 483 τῶν
1754 415 2116 499 συμμάχων
2163 415 2277 493 οὕς
2319 439 2394 481 τε
2440 407 2580 481 ἀπὸ

438 524 556 587 τοῦ
600 519 932 598 Γαλαξίου
987 525 1457 604 μετεπέμπετο
1511 519 1964 608 σφενδονήτας
2007 521 2119 586 καὶ
2165 519 2232 585 οἱ
2274 520 2586 605 Νεφελο-

438 628 801 707 κένταυροι.
901 616 1049 688 ἀλλ’
1115 622 1352 691 ἐκεῖνοι
1408 623 1528 707 μὲν
1583 626 1701 712 τῆς
1755 622 1966 709 μάχης
2022 616 2147 709 ἤδη
2203 625 2587 706 κεκριμένης

440 719 793 813 ἀφίκοντο,
852 719 943 803 ῶς
1001 724 1264 811 μήποτε
1322 721 1618 812 ὤφελον·
1678 724 1745 791 οἱ
1791 723 2239 812 σφενδονῆται
2297 723 2368 789 δὲ
2427 714 2586 788 οὐδὲ

437 821 611 904 όλως
666 831 1140 913 παρεγένοντο,
1208 827 1448 913 διόπερ
1509 831 1718 911 φασὶν
1787 820 2012 904 αὐτοῖς
2066 819 2342 910 ἵστερον
2399 823 2587 910 ὀργι-

439 933 693 996 σθέντα
736 928 853 996 τὸν
903 934 1267 995 Φαέθοντα
1325 932 1762 1019 πυρπολῆσαι
1817 928 1935 1019 τὴν
1974 928 2218 1014 χώραν.
2305 925 2585 1013 τοιαύτῃ

353 1049 420 1104 17
437 1030 558 1114 μὲν
587 1026 764 1098 καὶὸ
802 1035 1098 1099 Φαέθων
1144 1030 1340 1118 ἐπῄει
1383 1035 1792 1119 παρασκευῇ.
1876 1038 1975 1098 17.
2022 1029 2465 1114 συμμίξαντες
2512 1028 2610 1094 δὲ*

439 1131 673 1219 ἐπειδὴ
718 1132 802 1198 τὰ
849 1146 1090 1222 σημεῖα
1132 1130 1313 1223 ἤρθη
1358 1137 1471 1200 καὶ
1515 1127 1895 1223 ὠγκήσαντο
1955 1132 2281 1219 ἑκατέρων
2325 1131 2389 1197 οἱ
2435 1126 2589 1197 ὄνοι

438 1274 524 1284 -
580 1234 844 1313 τούτοις
898 1234 1022 1324 γὰρ
1081 1234 1229 1304 ἀντὶ
1298 1239 1691 1302 σαλπιστῶν
1753 1239 2042 1324 χρῶνται
2098 1272 2180 1282 -
2240 1232 2587 1317 ἐμάχοντο.
2610 1246 2663 1298 84

438 1341 551 1406 καὶ
591 1337 668 1406 τὸ
712 1338 833 1422 μὲν
879 1332 1213 1423 εὐώνυμον
1265 1342 1398 1405 τῶν
1437 1334 1786 1406 (Ηλιωτῶν
1843 1332 2079 1405 αὐτίκα
2139 1337 2383 1424 ἔφυγον
2428 1328 2579 1402 οὔδ’

440 1441 507 1518 ἐς
556 1454 783 1528 χεῖρας
840 1439 1184 1524 δεξάμενοι
1240 1440 1396 1518 τοὺς
1435 1437 1900 1526 Ἱππογύπους
1911 1492 1930 1522 ,
1987 1442 2100 1507 καὶ
2152 1435 2345 1528 ἡμεῖς
2390 1438 2591 1505 εἱπό-

435 1548 622 1626 μεθα
664 1550 1059 1622 κτείνοντες·
1103 1543 1181 1611 τὸ
1230 1542 1451 1622 δεξιὸν
1482 1544 1554 1610 δὲ
1601 1537 1815 1610 αὐτῶν
1862 1542 2121 1630 ἐκράτει
2162 1546 2283 1609 τοῦ
2327 1541 2444 1608 ἐπὶ
2488 1544 2591 1626 τῷ

435 1640 733 1733 ἡμετέρῳ
779 1638 1134 1729 εὐωνύμου,
1179 1648 1294 1713 καὶ
1337 1644 1713 1732 ἐπεξῆλθον
1759 1645 1826 1712 οἱ
1863 1638 2379 1733 Ἀεροκώνωπες
2423 1642 2592 1709 διώ-

437 1771 662 1825 κοντες
728 1743 879 1832 ἄχρι
945 1745 1116 1832 πρὸς
1175 1746 1328 1825 τοὺς
1393 1746 1652 1827 πεζούς.
1763 1746 2061 1814 ἐνταῦθα
2128 1746 2202 1812 δὲ
2266 1738 2589 1811 κάκείνων

439 1847 994 1936 ἐπιβοηθούντων
1062 1847 1307 1935 ἔφυγον
1381 1847 1788 1934 ἐγκλίναντες
1801 1901 1820 1931 ,
1896 1851 2007 1915 καὶ
2072 1847 2368 1931 μάλιστα
2435 1844 2586 1913 ἐπεὶ

434 1947 733 2039 ᾔσθοντο
779 1949 935 2028 τούς
978 1948 1095 2017 ἐπὶ
1137 1953 1234 2037 τῷ
1278 1944 1591 2036 εὐωνύμῳ
1651 1954 1841 2038 σφῶν
1903 1954 2380 2039 νενικημένους.
2467 1952 2592 2037 τῆς

439 2053 511 2118 δὲ
554 2055 809 2140 τροπῆς
854 2053 1170 2138 λαμπρᾶς
1225 2056 1649 2141 γεγενημένης
1705 2054 1947 2120 πολλοὶ
1992 2052 2112 2136 μὲν
2159 2051 2394 2132 ζῶντες
2437 2046 2589 2139 ἡλί-

437 2178 691 2234 σκοντο,
739 2156 982 2221 πολλοὶ
1017 2154 1089 2220 δὲ
1135 2156 1248 2221 καὶ
1291 2149 1674 2242 ἀνῃροῦντο,
1720 2157 1831 2221 καὶ
1863 2153 1937 2222 τὸ
1975 2153 2141 2239 αἷμα
2186 2153 2364 2240 ἔρρει
2406 2152 2587 2219 πολὺ

433 2258 553 2341 μὲν
600 2256 717 2326 ἐπὶ
762 2261 894 2324 τῶν
941 2260 1189 2345 νεφῶν,
1250 2250 1421 2324 ὥστε
1480 2251 1648 2324 αὐτὰ
1705 2258 2103 2343 βάπτεσθαι
2157 2259 2269 2323 καὶ
2328 2254 2587 2341 ἐρυθρὰ

436 2364 844 2448 φαίνεσθαι,
906 2358 1017 2426 οἶα
1062 2353 1230 2447 παρ’
1280 2356 1439 2443 ἡμῖν
1487 2361 1807 2444 δυομένου
1852 2363 1969 2427 τοῦ
2013 2356 2204 2450 ἡλίου
2251 2365 2591 2446 φαίνεται,

435 2460 609 2529 πολὺ
666 2461 738 2528 δὲ
798 2464 909 2528 καὶ
971 2460 1037 2540 ἐς
1090 2460 1209 2552 τὴν
1265 2466 1383 2549 γῆν
1440 2462 1861 2544 κατέσταζεν,
1920 2455 2094 2529 ὥστε
2148 2486 2233 2545 με
2290 2459 2589 2540 εἰκάζειν,

431 2563 522 2650 μὴ
563 2559 693 2650 ἀρα
739 2562 1043 2630 τοιούτου
1088 2563 1269 2641 τινὸς
1310 2567 1425 2631 καὶ
1469 2564 1687 2632 πάλαι
1733 2559 1871 2631 ἀνω
1915 2569 2267 2650 γενομένου
2295 2556 2596 2650 ’Όμηρος

434 2660 771 2749 ὑπέλαβεν
832 2665 1069 2748 αἵματι
1124 2658 1284 2733 ὗσαι
1325 2665 1443 2733 τὸν
1486 2672 1626 2733 Δία
1688 2664 1803 2733 ἐπὶ
1847 2670 1945 2752 τῷ
1988 2670 2107 2733 τοῦ
2150 2665 2595 2753 Σαρπηδόνος

351 2783 423 2839 18
444 2766 748 2853 θανάτῳ.
828 2771 923 2835 18.
958 2760 1497 2854 ἀναστρέψαντες
1529 2768 1600 2834 δὲ
1632 2762 1768 2835 ἀπὸ
1802 2772 1919 2856 τῆς
1964 2768 2256 2847 διώξεως
2286 2768 2406 2834 δύο
2436 2767 2593 2849 τρό-

437 2894 615 2936 παια
661 2868 1028 2955 ἐστήσαμεν
1042 2922 1059 2951 ,
1119 2869 1193 2936 τὸ
1241 2871 1362 2954 μὲν
1408 2870 1526 2938 ἐπὶ
1569 2874 1699 2938 τῶν
1746 2867 2080 2958 ἀραχνίων
2130 2875 2249 2958 τῆς
2294 2869 2593 2954 πεζομα-

431 2977 604 3055 χίας,
649 2970 725 3038 τὸ
762 2972 834 3038 δὲ
864 2975 980 3058 τῆς
1026 2965 1429 3059 ἀερομαχίας
1474 2971 1590 3040 ἐπὶ
1636 2977 1767 3040 τῶν
1813 2977 2053 3061 νεφῶν.
2144 2969 2300 3059 ἄρτι
2330 2972 2403 3038 δὲ
2434 2971 2592 3038 τού-

436 3098 570 3138 των
626 3075 1026 3159 γιγνομένων
1083 3066 1473 3159 ἠγγέλλοντο
1533 3070 1669 3141 ὑπὸ
1733 3077 1866 3141 τῶν
1926 3077 2196 3141 σκοπῶν
2252 3074 2318 3140 οἱ
2365 3081 2594 3160 Νεφε-

438 3178 861 3261 λοκένταυροι
928 3175 1525 3258 προσελαύνοντες,
1603 3174 1719 3255 οὓς
1786 3176 1945 3261 ἔδει,
1990 3174 2121 3263 πρὸ
2193 3179 2311 3264 τῆς
2378 3175 2594 3262 μάχης

436 3276 663 3345 ἐλθεῖν
695 3280 793 3363 τῶ
827 3282 1195 3344 Φαέθοντι.
1269 3279 1382 3343 καὶ
1420 3276 1498 3366 δὴ
1549 3277 1907 3367 ἐφαίνοντο
1955 3277 2373 3363 προσιόντες,
2422 3281 2594 3343 θέα-

433 3404 529 3461 μα
574 3377 1155 3464 παραδοξότατον,
1218 3377 1348 3457 ἐξ(
1333 3379 1568 3445 ίππων
1613 3383 1975 3470 πτερωτῶν
2033 3383 2145 3446 καὶ
2204 3373 2595 3465 ἀνθρώπων

427 3484 882 3586 συγκείμενοι·
949 3485 1238 3566 μέγεθος
1296 3480 1368 3545 δὲ
1424 3483 1556 3546 τῶν
1611 3482 1735 3564 μὲν
1807 3474 2198 3567 ἀνθρώπων
2256 3473 2419 3547 όσον
2477 3483 2595 3545 τοῦ

427 3561 696 3648 Ροδίων
749 3583 1075 3648 κολοσσοῦ
1122 3580 1194 3659 ἐξ
1232 3577 1546 3668 ἡμισείας
1592 3582 1658 3660 ἐς
1702 3582 1778 3650 τὸ
1832 3579 2001 3665 άνω,
2061 3588 2194 3650 τῶν
2240 3584 2376 3650 δὲ(
2359 3583 2594 3650 ι’ππων

434 3681 595 3751 ὅσον
655 3683 819 3762 νειίς
875 3683 1164 3771 μεγάλης
1223 3685 1564 3771 φορτίδος.
1653 3685 1729 3751 τὸ
1777 3691 2009 3770 μέντοι
2060 3687 2330 3773 πλῆθος
2377 3679 2594 3752 αὐτῶν

435 3779 551 3853 οὖκ
610 3780 989 3872 ἀνέγραψα,
1048 3786 1137 3873 μή
1191 3812 1286 3873 τῳ
1343 3790 1455 3855 καὶ
1513 3783 1806 3855 άπιστον
1867 3787 2058 3876 δόξῃ,
2118 3791 2443 3855 τοσοῦτον
2499 3774 2675 3874 ῆν.85

434 3884 656 3974 ἡγεῖτο
715 3889 786 3954 δὲ
848 3882 1064 3954 αὐτῶν
1121 3885 1156 3955 ὅ
1220 3888 1288 3955 ἐκ
1345 3893 1464 3955 τοῦ
1516 3891 1867 3957 Ζωδιακοῦ
1923 3889 2217 3979 τοξότης.
2309 3890 2464 3960 ἐπεὶ
2526 3892 2592 3957 δὲ

436 3985 739 4076 ᾔσθοντο
805 3987 960 4067 τοὺς
1028 3992 1266 4078 φίλους
1333 3997 1818 4079 νενικημένους,
1889 3990 2003 4059 ἐπὶ
2061 3993 2182 4077 μὲν
2236 3991 2353 4059 τὸν
2418 3993 2595 4060 Φαέ-
