2800 4500
664 264 1098 318 ΑΔΕΞΑΝΔΡΟΣ
1132 265 1175 317 Η
1213 264 1646 318 ΨΕΥΔΟΜΑΝΤΙ
1652 265 1705 321 Σ.
2144 259 2266 320 109

128 434 284 513 θεὸς
327 429 512 523 αύτῷ
553 438 1077 516 κατεκέκλειστο,
1136 439 1316 524 κηρῷ
1361 436 1568 521 λευκῷ
1611 438 1724 503 καὶ
1769 439 2094 520 ψιμυθίῳ
2150 429 2272 520 τὴν

128 535 407 626 ἁρμογὴν
450 543 573 605 τοῦ
619 538 951 622 στόματος
997 538 1614 624 ξυγκεκολλημένον·
1671 539 1786 604 καὶ
1840 534 2061 622 λαβὼν
2107 523 2269 604 αὗτό

131 640 191 719 ἐς
229 640 345 719 τὰς
383 655 616 727 χεῖρας
661 640 832 724 ἔχειν
879 640 1167 729 ἔφασκεν
1221 634 1348 728 ἤδη
1405 638 1524 707 τὸν
1561 633 1998 726 Ἀσκληπιόν.
2089 640 2154 706 οἱ
2202 638 2274 705 δὲ

131 736 336 821 ἀτενὲς
383 738 775 828 ἀπέβλεπον
820 735 861 810 δ’
905 768 971 810 τι
1013 746 1125 809 καὶ
1170 748 1484 829 γίγνοιτο,
1530 740 1704 809 πολὺ
1737 742 2068 828 πρότερον
2096 745 2276 808 θαυ-

129 846 446 931 μάσαντες
490 846 565 914 τὸ
627 844 763 933 ᾠὸν
822 844 890 913 ἐν
948 849 1047 931 τῷ
1103 837 1299 912 ῧδατι
1358 841 1735 934 εὑρημένον.
1827 843 1979 912 ἐπεὶ
2036 845 2108 910 δὲ
2164 846 2274 911 καὶ

131 948 399 1027 κατάξας
447 943 610 1015 αὐτὸ
660 948 727 1028 ἐς
768 951 997 1037 κοίλην
1040 946 1160 1034 τὴν
1201 962 1392 1033 χεῖρα
1436 944 1808 1027 ὑπεδέξατο
1865 946 1942 1016 τὸ
2001 951 2123 1014 τοῦ
2166 945 2276 1032 ἑρ-

133 1056 322 1118 πετοῦ
379 1050 632 1118 ἐκείνου
693 1050 978 1136 ἔμβρυον
1035 1054 1146 1117 καὶ
1207 1051 1273 1117 οἱ
1340 1049 1673 1137 παρόντες
1742 1047 1921 1118 εἶδον
1973 1049 2279 1135 κινούμε-

136 1178 231 1219 νον
280 1156 393 1220 καὶ
455 1155 615 1239 περὶ
672 1166 816 1231 τοῖς
875 1152 1222 1231 δακτύλοις
1281 1152 1696 1238 εἰλούμενον,
1756 1147 2114 1239 ἀνέκραγον
2172 1146 2279 1220 εὖ·

134 1253 249 1333 θυς
299 1258 410 1321 καὶ
469 1249 855 1344 ἠσπάζοντο
909 1254 1028 1321 τὸν
1085 1253 1255 1321 θεὸν
1311 1258 1424 1322 καὶ
1468 1254 1588 1341 τὴν
1634 1254 1839 1322 πόλιν
1885 1253 2281 1339 ἐμακάριζον

135 1361 231 1425 καὶ
287 1357 536 1440 χανδὸν
606 1357 877 1436 ἕκαστος
946 1356 1449 1441 ἐνεπίμπλαντο
1513 1360 1646 1424 τῶν
1713 1351 1948 1440 εὐχῶν,
2016 1363 2282 1446 θησαυ-

141 1459 275 1543 ροὺς
316 1464 429 1527 καὶ
476 1459 815 1538 πλούτους
857 1462 968 1527 καὶ
1012 1455 1268 1546 ὑγίειαν
1310 1462 1425 1526 καὶ
1468 1458 1552 1526 τὰ
1601 1455 1774 1526 ἅλλα
1811 1454 2042 1545 ἀγαθὰ
2076 1459 2283 1526 αἰτῶν

140 1560 287 1646 παρ’
336 1558 567 1630 αὐτοῦ.
659 1559 694 1630 ὃ
742 1562 814 1629 δὲ
857 1563 1174 1648 δρομαῖος
1206 1547 1412 1640 αὖθις
1443 1561 1559 1628 ἐπὶ
1590 1560 1710 1647 τὴν
1741 1561 1958 1628 οἰκίαν
1985 1561 2125 1629 ἵετο
2157 1566 2282 1650 φέ-

65 1686 253 1752 metor
295 1658 435 1749 ἅμα
478 1664 601 1732 τὸν
646 1658 1108 1753 ἀρτιγέννητον
1143 1660 1559 1753 Ἀσκληπιὸν
1606 1664 1709 1743 δὶς
1751 1668 2112 1747 τεχθέντα,
2173 1662 2288 1730 ὅτε

146 1763 314 1836 ἄλλοι
371 1763 568 1846 ἅπαξ
621 1762 913 1835 τίκτοντ’
979 1763 1378 1853 ἅνθρωποι,
1448 1761 1565 1835 οὒκ
1622 1765 1692 1834 ἐκ
1748 1767 2138 1852 Κορωνίδος
2191 1765 2289 1851 μὰ

143 1865 242 1937 Δί’
292 1865 443 1937 οὐδέ
490 1895 566 1956 γε
609 1869 920 1958 κορώνης,
968 1863 1119 1935 ἀλλ’
1185 1867 1255 1936 ἐκ
1293 1867 1495 1957 χηνὸς
1552 1874 2037 1958 γεγεννημένον.
2128 1863 2163 1936 ὃ
2214 1868 2290 1935 δὲ

148 1971 288 2051 λεὼς
328 1967 521 2052 ἅπας
563 1967 959 2063 ἠκολούθει,
1006 1972 1259 2052 πάντες
1303 1971 1534 2039 ἔνθεοι
1578 1974 1691 2039 καὶ
1735 1972 2102 2060 μεμηνότες
2145 1967 2281 2039 ὑπὸ

145 2079 256 2140 τῶν
297 2075 617 2144 ἐλπίδων.

302 2185 396 2246 15.
435 2175 730 2265 Ἡμέρας
774 2177 895 2261 μὲν
938 2161 1053 2242 ούν
1082 2201 1269 2255 τινας
1302 2175 1479 2242 οἴκοι
1510 2175 1765 2261 ἔμεινεν
1795 2174 2083 2257 ἐλπίζων
2113 2167 2282 2261 ὅπερ
2316 2189 2389 2246 15

150 2264 243 2365 ἦν,
295 2277 426 2350 ὑπὸ
477 2283 599 2370 τῆς
646 2279 871 2369 φήμης
918 2272 1154 2345 αὐτίκα
1211 2277 1395 2362 μάλα
1451 2277 1899 2362 παμπόλλους
1953 2281 2087 2344 τῶν
2132 2284 2287 2344 Πα-

154 2383 477 2469 φλαγόνων
513 2382 1069 2466 συνδραμεῖσθαι.
1132 2380 1283 2448 ἐπεὶ
1316 2380 1388 2447 δὲ
1424 2377 1982 2469 ὑπερεπέπληστο
2017 2374 2288 2467 ἀνθρώ-

154 2508 280 2552 πων
319 2483 357 2570 ἡ
406 2486 631 2566 πόλις,
679 2481 1001 2551 ἁπάντων
1045 2482 1202 2562 τοὺς
1247 2482 1650 2572 ἐγκεφάλους
1692 2485 1804 2549 καὶ
1847 2482 1970 2562 τὰς
2012 2483 2289 2568 καρδίας

156 2588 685 2677 προεξῃρημένων
731 2580 921 2655 οὐδὲν
953 2581 1267 2655 ἐοικότων
1299 2586 1698 2675 σιτοφάγοις
1729 2579 2069 2671 ἀνδράσιν,
2117 2581 2288 2652 ἀλλὰ

158 2688 299 2778 μόνῃ
341 2695 422 2779 τῇ
469 2694 701 2779 μορφῇ
746 2689 833 2777 μὴ
883 2684 1026 2771 ούχὶ
1071 2690 1384 2775 πρόβατα
1442 2685 1614 2756 εἶναι
1674 2687 2162 2777 διαφερόντων,
2223 2689 2292 2758 ἐν

162 2789 403 2879 οἰκίσκῳ
461 2795 596 2860 τινὶ
657 2792 773 2859 ἐπὶ
839 2793 1063 2880 κλίνης
1126 2790 1576 2874 καθεζόμενος
1638 2791 1821 2875 μάλα
1878 2796 2294 2877 θεοπρεπῶς

164 2890 539 2977 ἐσταλμένος
582 2894 952 2979 ἐλάμβανεν
998 2894 1066 2973 ἐς
1110 2893 1228 2961 τὸν
1271 2893 1527 2962 κόλπον
1582 2892 1701 2961 τὸν
1744 2896 2081 2963 Πελλαῖον
2127 2894 2294 2962 ἐκεῖ-

164 3020 258 3062 νον
301 2991 748 3086 Ἀσκληπιόν,
815 2996 1128 3083 μέγιστόν
1194 3021 1267 3063 τε
1331 2998 1442 3063 καὶ
1508 2996 1891 3077 κάλλιστον,
1959 2993 2050 3075 ῶς
2106 2995 2294 3086 ἔφην,

166 3092 336 3182 ὄντα,
389 3104 505 3167 καὶ
551 3092 707 3166 ὅλον
749 3102 849 3185 τῷ
895 3094 1100 3165 αὑτοῦ
1155 3098 1458 3219 τραχηλῳ
1518 3098 1951 3184 περιειλήσας
2008 3100 2118 3165 καὶ
2175 3098 2295 3187 τὴν

167 3193 347 3288 οὐρὰν
391 3201 519 3282 ἔξω
565 3195 766 3288 ἀφείς
808 3239 891 3249 -
936 3200 1150 3277 πολὺς
1195 3201 1267 3268 δὲ
1309 3228 1418 3289 ην,
1465 3200 1554 3279 ὡς
1597 3204 1709 3269 καὶ
1754 3199 1822 3268 ἐν
1864 3204 1962 3287 τῷ
2005 3202 2296 3287 προκολ-

169 3308 290 3390 πίῳ
345 3299 549 3371 αὐτοῦ
604 3302 929 3387 κεχύσθαι
982 3305 1095 3370 καὶ
1157 3305 1368 3386 χαμαὶ
1435 3302 1508 3370 τὸ
1578 3307 1780 3389 μέρος
1846 3301 2298 3390 ἐπισύρεσθαι

171 3440 241 3454 -·
277 3407 479 3496 μόνην
520 3406 639 3497 τὴν
682 3405 978 3495 κεφαλὴν
1022 3401 1155 3472 ὑπὸ
1203 3404 1418 3493 μάλης
1461 3404 1625 3488 ἔχων
1668 3407 1782 3472 καὶ
1827 3398 2296 3489 ἀποκρύπτων,

98 3522 164 3575 224
178 3500 545 3596 ἀνεχομένου
592 3509 816 3577 πάντα
861 3509 1142 3591 ἐκείνου,
1202 3505 1586 3596 προύφαινε
1640 3508 1759 3596 τὴν
1817 3503 2137 3599 ὀθονίνην
2193 3535 2300 3577 κε-

178 3612 372 3701 φαλὴν
436 3611 604 3680 κατὰ
670 3612 964 3698 θάτερον
1023 3616 1142 3679 τοῦ
1200 3612 1553 3698 πώγωνος,
1623 3608 1714 3690 ῶς
1773 3612 1982 3699 δῆθεν
2050 3612 2301 3680 ἐκείνου

177 3717 277 3780 τοῦ
319 3720 720 3803 φαινομένου
765 3715 1041 3793 πάντως
1097 3700 1324 3782 οὖσαν.
1420 3720 1517 3782 16.
1566 3711 1709 3781 εἶτά
1766 3741 1886 3797 μοι
1941 3714 2303 3803 ἐπινόησον
2333 3730 2407 3787 16

181 3813 445 3885 οἰκίσκον
490 3813 566 3885 οὗ
611 3815 785 3884 πολὺ
834 3814 1124 3905 φαιδρὸν
1171 3813 1323 3883 οὐδὲ
1369 3816 1436 3894 ἐς
1476 3816 1827 3900 κόρον·τοῦ
1857 3815 2086 3902 φωτὸς
2117 3814 2303 3897 δεχό-

185 3940 359 3998 μενον
411 3924 519 3988 καὶ
578 3922 849 4006 πλῆθος
906 3919 1293 4007 ἀνθρώπων
1361 3918 1739 4005 συγκλύδων
1804 3923 2306 4005 τεταραγμένων

186 4022 278 4086 καὶ
320 4024 1007 4112 προεκπεπληγμένων
1051 4025 1163 4089 καὶ
1205 4034 1353 4099 ταῖς
1400 4020 1669 4088 ἐλπίσιν
1726 4020 2305 4104 ἐπαιωρουμένων,
