2800 4500
731 253 864 307 ΠΩΣ
900 253 1005 306 ΔΕΙ
1040 252 1340 308 ΙΣΤΟΡΙΑΝ
1377 253 1798 307 ΣΥΓΓΡΑΦΕΙΝ.
2255 252 2336 311 25

181 426 292 489 καὶ
340 425 566 489 πάντα
611 410 655 510 ᾗ
699 427 1321 507 παρεσκευασμένα,
1383 421 1496 489 διὰ
1554 425 1752 488 τοῦτο
1800 420 1867 487 ἐν
1918 427 2152 505 μέσοις
2194 436 2338 500 τοῖς

182 531 490 608 πέμμασι
537 528 651 592 καὶ
695 538 838 604 τοῖς
882 518 1139 611 ὀρνέοις
1196 527 1305 592 καὶ
1355 526 1546 590 συσὶν
1593 517 1853 610 ἀγρίοις
1897 528 2007 591 καὶ
2055 526 2340 610 λαγωοῖς

180 628 291 693 καὶ
320 623 807 713 ὑπογαστρίοις
850 630 959 694 καὶ
1008 626 1262 693 λοπάσι
1305 625 1669 703 τοσαύταις
1704 628 1815 692 καὶ
1848 627 2188 714 σαπέρδην
2235 626 2337 692 ἐν·

181 728 424 817 θήσεις
467 732 580 797 καὶ
633 729 848 809 ε’τνος,
908 721 1013 796 ότι
1069 723 1328 795 κάκεῖνο
1388 727 1922 812 παρεσκεύαστο,
1984 721 2339 813 ἀμελήσεις

182 829 251 896 δὲ
308 833 446 897 τῶν
505 824 999 916 εὐτελεστέρων.
1097 836 1199 896 57.
1256 829 1555 912 μάλιστα
1616 828 1688 894 δὲ
1746 834 2212 916 σωφρονητέον
2271 828 2338 896 ἐν
2368 838 2440 893 57

180 945 327 1009 ταῖς
385 935 517 998 τῶν
575 926 752 1018 όρων
797 922 839 1021 ἢ
882 934 1116 1013 τειχιῦν
1165 921 1204 1016 ἢ
1249 933 1575 1014 ποταμῶν
1633 929 2041 1019 ἑρμηνείαις,
2104 926 2196 1007 ιῦς
2247 931 2336 1019 μὴ

182 1034 465 1118 δύναμιν
534 1033 747 1119 λόγων
816 1028 1280 1120 ἀπειροκάλως
1348 1032 2009 1119 παρεπιδείκνυσθαι
2078 1034 2342 1119 δοκοίης

180 1136 290 1201 καὶ
353 1134 431 1201 τὸ
498 1139 746 1202 σαυτοῦ
809 1135 970 1222 δρᾶν
1031 1137 1273 1219 παρεὶς
1330 1133 1450 1222 τὴν
1512 1134 1845 1218 ἱστορίαν,
1904 1127 2050 1199 ἀλλ’
2116 1126 2342 1220 ὀλίγον

183 1230 751 1321 προσαψάμενος,
810 1240 929 1303 τοῦ
980 1242 1308 1324 χρησίμου
1369 1238 1480 1303 καὶ
1541 1239 1801 1322 σαφοῦς
1861 1234 2045 1302 ἕνεκα
2060 1287 2077 1316 ,
2136 1260 2340 1320 μετα·

180 1338 350 1426 βήσῃ
403 1338 703 1427 ἐκφυγών
748 1337 864 1405 τὸν
912 1337 1054 1416 ἰξὸν
1097 1337 1215 1404 τὸν
1247 1337 1316 1404 ἐν
1345 1341 1442 1423 τῷ
1487 1336 1834 1425 πράγματι
1878 1341 1991 1405 καὶ
2033 1336 2153 1424 τὴν
2197 1363 2340 1405 τοι·

185 1441 387 1528 αύτην
423 1440 698 1507 ἅπασαν
737 1443 1043 1522 λιχνείαν,
1092 1439 1235 1508 οἷόν
1264 1466 1334 1506 τι
1365 1436 1528 1528 ὁρᾷς
1558 1435 1648 1516 ὡς
1677 1442 1788 1506 καὶ
1816 1432 2110 1526 (Όμηρος
2153 1436 2188 1506 ό
2222 1464 2340 1524 με-

182 1541 543 1629 γαλόφρων
567 1556 772 1623 ποιεῖ,
804 1548 1026 1609 καίτοι
1050 1540 1335 1631 ποιητὴς
1358 1532 1478 1608 ὢν·
1513 1547 1825 1626 παραθεῖ
1851 1541 1968 1608 τὸν
1999 1541 2342 1609 Τάνταλον

183 1647 289 1710 καὶ
321 1643 445 1711 τὸν
468 1640 707 1722 Ἰξίονα
736 1646 844 1710 καὶ
877 1643 994 1711 τὸν
1033 1642 1274 1710 Τιτυὸν
1304 1647 1415 1710 καὶ
1448 1643 1601 1721 τοὺς
1633 1640 1892 1722 ἄλλους.
1958 1643 2016 1710 εἰ
2048 1645 2119 1710 δὲ
2152 1650 2342 1728 Παρ-

110 1752 417 1825 66θένιος
460 1736 501 1833 ἢ
547 1741 905 1834 Εὐφορίων
947 1736 990 1835 ἢ
1037 1748 1468 1829 Καλλίμαχος
1522 1745 1733 1833 ἔλεγε,
1792 1746 2038 1825 πόσοις
2084 1736 2163 1814 ἀν
2211 1748 2342 1813 οἴει

185 1849 382 1917 ἔπεσι
414 1849 491 1916 τὸ
525 1843 704 1933 ὕδωρ
754 1844 905 1934 ἄχρι
952 1847 1122 1933 πρὸς
1153 1847 1228 1914 τὸ
1257 1851 1480 1931 χεῖλος
1522 1852 1640 1915 τοῦ
1680 1849 2024 1916 Ταντάλου
2067 1845 2343 1937 ἠ’γαγεν,·

185 1949 326 2018 εἶτα
376 1951 626 2029 πόσοις
672 1942 752 2018 ἀν
791 1945 1030 2029 Ἰξίονα
1077 1950 1370 2034 ἐκύλισε,
1427 1952 1681 2034 μᾶλλον
1729 1951 1800 2018 δὲ
1846 1947 1882 2017 0c
1935 1953 2343 2040 Θουκυδίδης

188 2048 386 2132 αὐτὸς
431 2047 628 2139 ὀλίγα
672 2056 763 2138 τῷ
804 2052 1090 2139 τοιούτῳ
1136 2053 1304 2119 ε’ίδει
1332 2055 1454 2119 τοῦ
1500 2052 1696 2138 λόγου
1737 2048 2150 2140 χρησάμενος
2196 2059 2343 2120 σκέ-

189 2168 316 2239 ψαι
378 2148 569 2232 ὅπως
629 2149 834 2231 εὐθὺς
893 2149 1267 2242 ἀφίσταται
1319 2145 1362 2240 ἢ
1419 2155 1772 2242 μηχάνημα
1839 2154 2243 2242 ἑρμηνεύσας
2299 2147 2340 2241 ἢ

187 2262 585 2345 πολιορκίας
642 2261 859 2345 σχῆμα
918 2258 1254 2344 δηλώσας,
1316 2252 1672 2344 ἀναγκαῖον
1732 2262 1840 2324 καὶ
1883 2260 2199 2342 χρειῶδες
2244 2285 2339 2339 ον,

188 2386 225 2447 η
261 2355 712 2427 Ἐπιπολῶν’
694 2360 903 2446 ε’ρυμα
945 2350 987 2448 ἢ
1018 2365 1483 2446 Συρακουσίων
1532 2362 1796 2442 λιμένα·
1845 2351 2007 2425 όταν
2051 2360 2171 2442 μὲν
2216 2359 2342 2445 γὰρ

187 2461 299 2529 τὸν
348 2461 588 2545 λοιμον
635 2463 945 2551 διηγῆται
987 2464 1099 2528 καὶ
1144 2461 1395 2547 μακρὸς
1442 2458 1610 2528 εἶναι
1662 2462 1842 2548 δοκῇ,
1892 2460 1969 2527 σὺ
2002 2459 2086 2527 τὰ
2126 2462 2342 2548 πράγ-

190 2591 366 2646 ματα
416 2563 758 2652 ἐννόησον·
821 2565 967 2650 ε’ίσῃ
1014 2562 1137 2649 γὰρ
1186 2556 1360 2630 οὕτω
1406 2562 1481 2630 τὸ
1529 2563 1728 2645 τάχος
1772 2566 1880 2629 καὶ
1928 2559 2018 2641 ὥς
2064 2558 2344 2651 φεύγον-

189 2691 296 2744 τος
367 2659 551 2749 ὅμως
626 2664 1156 2748 ἐπιλαμβάνεται
1230 2659 1437 2732 αὐτοῦ
1501 2664 1585 2731 τὰ
1652 2670 2046 2753 γεγενημένα
2121 2666 2343 2732 πολλὰ

190 2765 367 2837 ὂντα.
447 2773 546 2834 58.
580 2758 658 2855 ἢν
693 2768 764 2833 δέ
799 2792 970 2835 ποτε
1012 2770 1122 2833 καὶ
1171 2767 1403 2852 λόγους
1451 2766 1727 2852 ἐροῦντά
1773 2794 1923 2834 τινα
1970 2768 2169 2856 δεήσῃ
2204 2769 2344 2834 εἰσ·
2369 2774 2447 2829 58

191 2869 402 2954 άγειν,
463 2869 760 2953 μάλιστα
806 2869 925 2951 μὲν
973 2868 1238 2935 ἐοικότα
1283 2872 1379 2955 τῷ
1434 2868 1786 2954 προσώπῳ
1831 2871 1939 2934 καὶ
1986 2873 2082 2954 τῷ
2128 2870 2343 2956 πράγ-

189 2997 349 3052 ματι
411 2971 624 3038 οἰκεῖα
683 2972 1019 3056 λεγέσθω,
1080 2970 1318 3037 ἔπειτα
1364 2966 1456 3048 ὥς
1516 2976 1908 3057 σαφέστατα
1959 2974 2069 3037 καὶ
2118 2975 2343 3039 ταῦτα.

189 3072 360 3161 πλὴν
408 3071 674 3159 ἐφεῖταί
721 3096 829 3139 σοι
874 3072 1027 3139 τότε
1071 3074 1179 3139 καὶ
1242 3072 1640 3160 ῥητορεῦσαι
1693 3075 1800 3138 καὶ
1851 3071 2185 3151 ἐπιδεῖξαι
2231 3073 2346 3161 τὴν

189 3178 315 3240 τιῦν
363 3175 574 3260 λόγων
622 3174 991 3262 δεινότητα.
1070 3179 1170 3241 59.
1220 3173 1491 3241 ἔπαινοι
1536 3174 1655 3256 μὲν
1685 3173 1810 3259 γὰρ
1842 3164 1882 3259 ἢ
1915 3174 2121 3260 ψόγοι
2168 3173 2345 3240 πάνυ
2370 3184 2447 3239 59

123 3292 169 3339 67
190 3281 630 3361 πεφεισμένοι
686 3278 796 3342 καὶ
857 3281 1409 3363 περιεσκεμμένοι
1470 3278 1576 3341 καὶ
1645 3270 2186 3363 ἀσυκοφάντητοι
2235 3280 2345 3343 καὶ

192 3375 349 3458 μετὰ
398 3370 814 3456 ἀποδείξεων
844 3380 956 3444 καὶ
996 3390 1235 3465 σαφεῖς
1281 3380 1390 3443 καὶ
1424 3375 1513 3465 μὴ
1550 3372 1838 3464 ἄκαιροι,
1888 3376 2038 3443 ἐπεὶ
2072 3376 2197 3455 ἔξω
2229 3380 2347 3443 τοῦ

194 3477 613 3566 δικαστηρίου
661 3477 901 3545 ἐκεῖνοί
939 3479 1092 3558 εἶσι,
1138 3482 1248 3545 καὶ
1279 3477 1399 3562 τὴν
1435 3474 1637 3562 αὐτὴν
1675 3477 2073 3565 Θεοπόμπῳ
2124 3479 2348 3546 αἰτίαν

195 3578 351 3657 ε’ξεις
416 3580 1040 3668 φιλαπεχθημόνως
1103 3605 1576 3668 κατηγορουντι
1638 3583 1770 3645 τῶν
1837 3582 2176 3646 πλείστων
2238 3584 2346 3647 καὶ

195 3681 533 3769 διατριβὴν
580 3687 965 3769 ποιουμένῳ
1009 3681 1085 3749 τὸ
1135 3686 1450 3769 πρᾶγμα,
1513 3678 1604 3760 ιῦς
1648 3685 2036 3770 κατηγορεῖν
2090 3684 2347 3765 μᾶλλον
2386 3677 2390 3680 “

194 3810 228 3867 η
276 3785 563 3871 ιστορεῑν
606 3783 687 3852 τὰ
736 3789 1192 3870 πεπραγμένα.
1285 3790 1386 3852 60.
1433 3787 1544 3850 καὶ
1573 3783 1704 3870 μὴν
1741 3788 1854 3851 καὶ
1898 3789 2121 3868 μῦθος
2155 3785 2220 3849 εἴ
2243 3808 2347 3860 τις
2369 3791 2451 3846 60

195 3892 648 3973 παρεμπέσοι,
719 3889 977 3963 λεκτέος
1044 3892 1195 3969 μέν,
1267 3881 1342 3952 ού
1411 3885 1541 3973 μὴν
1611 3892 1986 3964 πιστωτέος
2054 3884 2345 3982 πάντως,

200 3980 337 4053 ἀλλ’
390 4014 457 4055 εν
500 3993 686 4075 μέσῳ
744 3994 984 4067 θετέος
1040 4002 1183 4067 τοῖς
1240 3988 1432 4065 ὅπως
1486 4016 1566 4054 αν
1613 3987 1941 4055 εθέλωσιν
2003 3986 2348 4053 εικάσουσι
