2800 4500
429 273 549 330 166
1301 272 1708 336 [ΔΟΥΚΙΑΝΟΥ]

428 436 489 508 δ’
542 427 655 509 οὖν
700 444 888 520 τέλος
932 448 1002 509 τί
1046 439 1300 527 ἐγένετο
1344 444 1455 508 καὶ
1501 445 1649 518 πῶς
1697 442 1990 528 ἔγνωσαν
2033 438 2204 527 ὑπὲρ
2243 436 2463 508 αὐτῶν
2509 443 2575 509 οἱ

427 546 736 612 δικασταί
748 573 770 627 ‚·

327 653 396 709 12
600 652 697 714 12.
769 652 990 713 ΛΥΚ.
1089 638 1222 728 Ούχ
1253 641 1616 733 ὁμόψηφοι
1649 644 1898 722 πάντες
1926 631 2116 731 ἦσαν,
2164 639 2317 710 ἀλλ’
2356 645 2424 711 οἱ
2453 646 2576 728 μὲν
2593 661 2675 712 359

423 743 650 835 ἠξίουν
717 742 1192 825 ἀποδύσαντας
1268 740 1469 815 αὐτὸν
1541 745 1774 832 ὥσπερ
1846 745 2002 825 τοὺς
2076 740 2580 836 ἀργυρωνήτους

426 854 824 921 ἐπισκοπεῖν
837 905 856 934 ,
902 850 976 922 ἶεί
1022 845 1301 918 δύναται
1358 851 1769 938 φιλοσοφεῖν
1819 848 1902 915 τά
1946 875 2019 936 γε
2061 848 2237 937 πρὸς
2277 854 2416 917 τῶν
2461 846 2580 935 ὅρ-

419 974 621 1039 χεων·
682 955 748 1021 οἱ
792 954 864 1020 δὲ
910 952 1009 1021 ἔτι
1061 951 1478 1040 γελοιότερον
1534 952 2178 1035 μεταστειλαμένους
2231 951 2383 1020 τινὰ
2441 956 2580 1019 τῶν

426 1057 500 1136 ἐξ
527 1056 883 1146 οἰκήματος
910 1057 1234 1141 γυναικῶν
1263 1053 1555 1120 κελεύειν
1587 1046 1789 1120 αὐτὸν
1821 1067 2114 1121 συνεῖναι
2142 1057 2254 1121 καὶ
2287 1048 2579 1135 ὀπυίειν,

422 1166 538 1227 καί
582 1186 732 1227 τινα
775 1161 872 1224 ‘ccc'
874 1184 908 1225 ν
963 1158 1291 1223 δικαστῶν
1346 1155 1465 1223 τὸν
1522 1155 1983 1240 πρεσβύτατόν
2036 1181 2110 1222 τε
2166 1161 2281 1225 καὶ
2332 1157 2583 1225 πιστό-

424 1287 628 1329 τατον
673 1260 1018 1348 ἐφεστῶτα
1063 1254 1245 1344 ὁρᾶν,
1294 1258 1352 1324 εἷ
1398 1261 1783 1346 φιλοσοφεῖ.
1869 1257 2038 1341 μετὰ
2085 1259 2157 1327 δὲ
2202 1258 2355 1326 ἐπεὶ
2402 1259 2583 1328 πάν-

423 1389 546 1441 τας
590 1358 624 1430 ό
670 1364 877 1448 γέλως
919 1373 1175 1443 κατεῖχε
1203 1362 1315 1426 καὶ
1343 1353 1566 1437 οὐδεὶς
1597 1352 1787 1437 ὅστις
1816 1353 1893 1426 ού
1923 1358 2044 1447 τὴν
2071 1365 2362 1446 γαστέρα
2390 1356 2584 1449 ἤλγει

425 1464 876 1553 βραττόμενος
929 1457 1051 1529 ὕπ’
1132 1456 1365 1543 αὐτοῦ,
1435 1461 1730 1547 ἔγνωσαν
1784 1456 2273 1548 ἀναπόμπιμον
2334 1461 2402 1541 ἐς
2456 1462 2585 1550 τὴν

320 1569 395 1625 13
420 1562 721 1636 Ἰταλίαν
780 1564 1124 1651 ἐκπέμψαι
1181 1564 1300 1651 τὴν
1359 1565 1562 1649 δίκην.
1670 1569 1765 1631 13.
1824 1568 1935 1632 καὶ
1995 1569 2107 1633 νῦν
2165 1565 2401 1648 ἅτερος
2454 1568 2585 1650 μὲν

427 1670 602 1758 πρὸς
645 1668 763 1758 τὴν
806 1671 939 1734 τῶν
984 1668 1196 1754 λόγων
1242 1666 1589 1749 ἐπίδειξιν,
1636 1666 1729 1744 ὥς
1773 1690 1976 1755 φασι,
2021 1667 2422 1754 γυμνάζεται
2463 1675 2586 1738 καὶ

428 1770 1001 1854 παρασκευάζεται
1044 1772 1156 1836 καὶ
1199 1775 1601 1858 κατηγορίαν
1648 1783 1991 1856 συγκροτεῖ
2024 1773 2136 1837 καὶ
2165 1769 2242 1837 τὸ
2274 1775 2392 1859 τῆς
2421 1798 2585 1855 μοι·

421 1880 611 1958 χείας
676 1871 961 1960 ἔγκλημα
1017 1868 1323 1937 ὑποκινεῖ
1380 1869 1862 1936 ἐναντιώτατον
1921 1867 2131 1957 αὖτῴ,
2198 1875 2312 1938 καὶ
2382 1868 2588 1953 οὗτος

429 1975 597 2043 κατὰ
653 1974 809 2053 τοὺς
865 1973 1163 2063 φαύλους
1225 1977 1356 2039 τῶν
1424 1972 1722 2061 ῥητόρων
1782 1977 1979 2040 τοῦτο
2047 1978 2266 2041 ποιῶν
2330 1980 2444 2044 καὶ
2515 1977 2588 2058 ἐς

430 2078 586 2155 τοὺς
651 2072 895 2164 ἄνδρας
957 2074 1076 2143 τὸν
1144 2069 1478 2142 ἀντίδικον
1536 2074 1606 2140 ἔκ
1662 2078 1782 2141 τοῦ
1838 2073 2238 2161 ἐγκλήματος
2291 2082 2584 2146 καταλέ-

428 2199 595 2267 γων·
641 2183 737 2266 τιιῦ
780 2177 1030 2267 Βαγώᾳ
1076 2177 1148 2243 δὲ
1192 2177 1403 2265 ἕτερα,
1451 2169 1539 2255 ὥς
1585 2199 1775 2265 φασι,
1820 2178 2005 2261 μέλει
2049 2181 2161 2245 καὶ
2199 2173 2586 2266 ἀνδρίζεται

428 2283 513 2350 τὰ
559 2281 778 2350 πολλὰ
824 2286 935 2351 καὶ
982 2280 1095 2349 δια
1133 2279 1358 2366 χειρὸς
1402 2279 1533 2363 ε’χει
1576 2279 1650 2346 τὸ
1698 2284 1977 2367 πρᾶγμα
2018 2284 2130 2348 καὶ
2182 2284 2372 2361 τέλος
2415 2311 2585 2370 κρα-

430 2386 657 2473 τήσειν
704 2384 980 2467 ἐλπίζει,
1024 2374 1105 2470 ἢν
1149 2378 1451 2470 επιδείξῃ
1499 2408 1589 2461 ως
1634 2376 1824 2449 οὐδὲν
1847 2390 2088 2469 χείρων
2119 2383 2260 2452 εστὶ
2290 2390 2427 2453 τῶν
2455 2388 2586 2468 τὰς

429 2489 690 2566 ἵππους
733 2482 1230 2571 ἀναβαινόντων
1275 2480 1466 2552 όνων.
1558 2478 1719 2573 αύτη
1763 2484 1918 2570 γάρ,
1966 2513 2017 2550 ω
2063 2485 2315 2572 ἑταῖρε,
2377 2493 2585 2577 φιλο-

433 2596 681 2677 σοφίας
725 2583 961 2678 ἀρίστη
1005 2595 1221 2675 κρίσις
1265 2588 1474 2655 εὀικεν
1520 2583 1692 2654 εἶναι
1733 2590 1845 2655 καὶ
1905 2581 2258 2668 ἀπόδειξις
2316 2584 2585 2660 ἀναντί-

435 2693 680 2767 λεκτος.
769 2688 941 2757 ὥστε
984 2693 1093 2757 καὶ
1125 2689 1243 2756 τὸν
1273 2689 1421 2757 υἱὸν
1450 2725 1534 2736 —
1565 2688 1667 2756 ε’τι
1698 2689 1771 2755 δέ
1798 2714 1917 2772 μοι
1946 2690 2187 2778 κομιδῇ
2219 2695 2367 2770 νέος
2398 2693 2586 2762 ἐστίν

434 2832 519 2841 -
563 2787 879 2881 εὖξαίμην
925 2783 1003 2860 ἀν
1051 2787 1125 2859 οὗ
1170 2791 1291 2880 τὴν
1345 2790 1609 2879 γνώμην
1665 2784 1818 2857 οὐδὲ
1870 2790 1991 2878 τὴν
2048 2794 2347 2879 γλῶτταν
2408 2790 2584 2865 ἀλλὰ

433 2895 511 2963 τὸ
562 2895 819 2964 αἰδοῖον
865 2894 1129 2978 ἕτοιμον
1174 2894 1241 2973 ἐς
1285 2896 1704 2983 φιλοσοφίαν
1749 2892 1939 2977 ἔχειν.

1302 3155 1701 3163 —--———-

823 3384 1095 3467 ΠΕΡΙ
1136 3383 1357 3464 ΤΗΣ
1406 3382 2189 3465 ΑΣΤΡΟΛΟΓΙΗΣ.
2598 3411 2681 3462 ιω

363 3609 399 3661 1
614 3599 667 3658 1.
707 3584 924 3678 Ἀμφί
964 3614 1038 3656 τε
1082 3583 1365 3672 ούρανοῦ
1414 3581 1592 3676 ἀμφί
1634 3612 1709 3654 τε
1754 3582 2051 3672 ἀστέρων
2093 3585 2131 3676 ἦ
2175 3593 2427 3683 γραφή,
2472 3588 2582 3662 οἰκ

437 3688 655 3762 αὐτῶν
721 3686 1019 3776 ἀστέρων
1085 3684 1228 3758 οὐδ’
1304 3689 1506 3757 αὐτοῦ
1571 3694 1734 3774 πέρι
1798 3684 2083 3778 ούρανοῦ
2095 3744 2113 3773 ,
2184 3686 2357 3761 ἀλλὰ
2417 3723 2584 3780 μαν-

434 3803 617 3885 τείης
658 3797 769 3862 καὶ
816 3788 1173 3883 ἀληθείης,
1231 3791 1271 3881 ἢ
1320 3790 1397 3880 δὴ
1448 3790 1517 3858 ἐκ
1556 3791 1810 3858 τούτων
1868 3791 1936 3871 ἐς
1993 3788 2384 3879 ἀνθρώπων
2435 3805 2583 3884 βίον

438 3899 717 3982 ἔρχεται.
807 3893 841 3964 ὅ
892 3896 965 3962 δέ
1007 3921 1127 3979 μοι
1173 3896 1365 3979 λόγος
1412 3888 1525 3976 οὗχ
1569 3890 2097 3985 ὖποθημοσύνην
2133 3896 2267 3980 ἔχει
2299 3893 2456 3967 οὐδὲ
2482 3901 2583 3968 δι-

437 4002 802 4088 δασκαλίην
869 3998 1375 4084 ἐπαγγέλλεται,
1444 3989 1615 4074 ὅκως
1679 3997 1925 4085 ταύτην
1989 3997 2108 4087 τὴν
2171 4004 2583 4094 μαντοσύνην
