2800 4500
446 256 524 314 26
1332 256 1700 312 ΔΟΥΚΙΑΝΟΥ

445 429 602 510 περὶ
664 421 898 493 αὐτοῦ·
962 427 1040 494 σὺ
1089 422 1152 492 δ>
1215 421 1559 507 ἀκίνδυνος
1614 433 1725 496 καὶ
1784 427 1956 511 πρὸς
2018 422 2361 514 οὐδέτερον
2410 426 2611 510 ἐπιρ-

346 546 421 601 61
446 534 863 616 ρεπέστερος.
955 535 1057 597 61.
1090 529 1166 595 τὸ
1209 524 1269 595 δ’
1324 524 1481 598 ὅλον
1528 530 1776 597 ἐκείνου
1821 556 1940 614 μοι
1983 537 2277 619 μέμνησο
2309 569 2395 578 -
2426 532 2613 596 πολ-

444 630 632 707 λάκις
660 630 785 716 γὰρ
816 634 1013 697 τοῦτο
1047 630 1174 718 ἐρῶ
1210 670 1285 679 —-
1319 636 1428 699 καὶ
1463 632 1551 721 μὴ
1585 632 1760 719 πρὸς
1789 632 1865 699 τὸ
1900 631 2122 717 παρὸν
2167 632 2374 716 μόνον
2423 628 2612 714 ὁρῶν

441 733 687 820 γράφε,
742 730 834 811 ὥς
879 734 945 799 οἱ
990 737 1103 801 νῦν
1150 731 1624 801 ἐπαινέσονταί
1671 757 1746 801 σε
1789 737 1899 801 καὶ
1945 734 2375 821 τιμήσουσιν,
2427 728 2612 799 ἀλλὰ

440 839 559 901 τοῦ
620 836 1006 918 σύμπαντος
1065 836 1309 913 αἰῶνος
1376 836 1857 919 ἐστοχασμένος
1913 837 2089 921 πρὸς
2142 836 2297 914 τοὺς
2358 837 2614 904 ἔπειτα
2781 902 2782 911 ,

441 939 696 1021 μᾶλλον
744 938 1081 1059 σύγγραφε
1137 941 1247 1004 καὶ
1296 931 1464 1023 παρ’
1532 937 1796 1006 ἐκείνων
1857 933 2136 1005 ἀπαίτει
2180 937 2296 1005 τὸν
2341 938 2703 1021 μισθόν68
2781 1012 2782 1023 2

440 1042 560 1128 τῆς
615 1043 906 1125 γραφῆς,
966 1035 1057 1117 ὥς
1102 1042 1369 1136 λέγηται
1427 1044 1539 1107 καὶ
1596 1042 1754 1124 περὶ
1814 1044 1962 1107 σοῦ·
2021 1040 2312 1121 ,,ἐκεῖνος
2369 1044 2616 1121 μέντοι
2781 1038 2782 1043 ’

444 1140 796 1223 ἐλεύθερος
864 1134 1026 1261 ἀνὴρ
1083 1137 1162 1226 ἠν
1222 1144 1332 1207 καὶ
1402 1149 1784 1229 παρρησίας
1848 1141 2122 1225 μεστός,
2193 1135 2385 1207 οὐδὲν
2448 1138 2615 1208 ούτε

441 1241 902 1308 κολακευτικὸν
947 1239 1100 1308 οὔτε
1146 1243 1624 1330 δουλοπρεπές,
1674 1238 1824 1310 αλλ’
1878 1237 2168 1331 ἀλήθεια
2210 1243 2326 1309 ἐπὶ
2359 1246 2586 1309 πᾶσι]

439 1339 648 1425 τοῦτ’,
699 1343 757 1410 εἰ
812 1351 1197 1432 σωφρονοίη
1255 1371 1389 1426 τις,
1449 1342 1620 1432 ὑπὲρ
1678 1346 1905 1424 πάσας
1962 1344 2086 1423 τας
2146 1349 2261 1412 νῦν
2316 1344 2614 1423 ἐλπίδας

342 1454 418 1510 62
440 1452 637 1513 θεῖτο
685 1442 784 1527 ἄν,
834 1446 1044 1525 οὕτως
1086 1440 1577 1534 ὀλιγοχρονίους
1624 1444 1844 1526 οὔσας.
1935 1452 2037 1514 62.
2086 1444 2249 1535 ὃρᾷς
2283 1447 2400 1514 τὸν
2436 1454 2610 1514 Κνί-

444 1550 588 1615 διον
657 1548 902 1615 ἐκεῖνον
970 1544 1430 1634 ἀρχιτέκτονα,
1508 1550 1650 1618 οἷον
1727 1550 2073 1637 ἐποίησεν·
2150 1549 2611 1638 οἰκοδομήσας

440 1651 566 1738 γὰρ
611 1650 729 1718 τὸν
788 1651 903 1718 ἐπὶ
960 1656 1043 1740 τῇ
1093 1654 1303 1738 Φάρῳ
1361 1653 1646 1740 πύργον,
1702 1658 2016 1738 μέγιστον
2070 1655 2185 1718 καὶ
2241 1651 2610 1718 κάλλιστον

443 1754 646 1839 ἔργων
704 1750 1053 1836 ἁπάντων,
1112 1751 1204 1832 ὥς
1258 1756 1662 1842 πυρσεύοιτο
1710 1748 1837 1820 ἀπ’
1905 1749 2106 1820 αὐτοῦ
2147 1767 2292 1831 τοῖς
2338 1755 2610 1820 ναυτιλ-

443 1858 746 1938 λομένοις
792 1854 904 1922 ἐπὶ
954 1855 1128 1923 πολὺ
1159 1860 1275 1945 τῆς
1310 1856 1658 1944 θαλάττης
1701 1859 1810 1922 καὶ
1856 1854 1946 1945 μὴ
1991 1861 2484 1942 καταφέροιντο
2537 1855 2609 1933 ἐς

439 1957 556 2046 τὴν
622 1964 1118 2044 Παραιτονίαν,
1195 1957 1663 2043 παγχάλεπον,
1742 1956 1833 2035 ιῖίς
1901 1980 2141 2044 φασιν,
2213 1943 2420 2023 οὖσαν
2486 1961 2606 2049 καὶ

443 2056 766 2147 ἄφυκτον,
813 2060 880 2126 εἴ
919 2084 1023 2137 τις
1069 2059 1354 2143 ἐμπέσοι
1400 2059 1468 2138 ἐς
1511 2059 1594 2125 τὰ
1643 2059 1926 2143 ἕρματα·
1991 2058 2437 2144 οἰκοδομήσας
2484 2046 2607 2126 οὖν

437 2160 514 2228 τὸ
578 2162 765 2249 ἔργον
825 2161 1104 2228 ἔνδοθεν
1162 2163 1281 2245 μὲν
1339 2161 1508 2227 κατὰ
1562 2165 1694 2227 τῶν
1758 2163 1973 2227 λίθων
2033 2157 2108 2227 τὸ
2171 2156 2374 2226 αὑτοῦ
2446 2157 2605 2228 ὄνο-

439 2293 534 2349 μα
581 2265 900 2351 ἔγραψεν,
963 2264 1314 2351 ἐπιχρίσας
1373 2264 1446 2330 δὲ
1501 2263 1749 2350 τιτάνῳ
1809 2265 1921 2330 καὶ
1967 2262 2394 2348 ἐπικαλύψας
2440 2263 2605 2330 ἐπέ-

440 2381 662 2453 γραψε
704 2363 998 2451 τοῦνομα
1042 2371 1161 2434 τοῦ
1205 2368 1358 2433 τότε
1415 2366 1920 2450 βασιλεύοντος,
1983 2365 2209 2443 εἰδώς,
2270 2359 2444 2452 ὅπερ
2489 2371 2606 2434 καὶ
2633 2379 2696 2430 69

444 2468 728 2555 ἐγένετο,
804 2470 983 2537 πάνυ
1059 2463 1285 2554 ὀλίγου
1354 2467 1595 2550 χρόνου
1671 2468 2244 2550 συνεκπεσούμενα
2317 2468 2440 2550 μὲν
2505 2473 2608 2554 τῷ

437 2578 757 2656 χρίσματι
802 2571 885 2637 τὰ
936 2571 1325 2658 γράμματα,
1390 2570 1927 2657 ἐκφανησόμενον
1988 2570 2094 2650 δέ,
2153 2569 2610 2651 ,,Σιύστρατος

440 2673 864 2760 Δεξιφάνους
916 2674 1191 2750 Κνίδιος
1247 2679 1443 2749 θεοῖς
1500 2676 1833 2797 σωτῆρσιν
1887 2668 2058 2755 ὑπὲρ
2117 2675 2250 2737 τῶν
2307 2673 2609 2752 πλωϊζο-

441 2779 723 2857 μένων.“
811 2768 1022 2851 ούτως
1067 2769 1211 2840 ούδ
1265 2774 1511 2852 ἐκεῖνος
1554 2774 1620 2852 ἐς
1649 2772 1765 2840 τὸν
1807 2773 1962 2839 τότε
2004 2771 2237 2856 καιρὸν
2284 2767 2439 2840 οἵδε
2486 2774 2609 2842 τὸν

445 2872 647 2942 αὑτοῦ
702 2883 853 2961 βίον
907 2876 1025 2944 τὸν
1083 2871 1308 2962 ὀλίγον
1364 2876 1569 2962 ἑώρα,
1630 2869 1778 2941 ἀλλ’
1848 2874 1914 2952 ἐς
1969 2875 2086 2941 τὸν
2142 2878 2254 2941 νῦν
2312 2878 2423 2942 καὶ
2484 2876 2607 2943 τὸν

443 2971 579 3058 αεί,
642 2974 792 3065 ὀὶχρι
847 3004 926 3044 αν
986 2977 1247 3105 εστήκη
1266 2974 1299 3044 ὃ
1349 2978 1602 3064 πύργος
1658 2979 1770 3043 καὶ
1826 2982 1987 3063 μένῃ
2050 2970 2255 3042 αυτοῦ
2298 2974 2338 3065 ἡ
2385 2982 2603 3066 τέχνη.

343 3097 417 3153 63
443 3087 544 3149 63.
586 3079 708 3169 χρὴ
753 3087 977 3147 τοίνυν
1021 3084 1130 3147 καὶ
1177 3079 1295 3169 τὴν
1343 3081 1647 3165 ἱστορίαν
1695 3076 1867 3144 ούτω
1912 3078 2308 3164 γράφεσθαι
2353 3077 2473 3146 σὺν
2506 3083 2604 3165 ‘ccgJ

445 3177 693 3270 ἀληθεῖ
755 3186 1007 3267 μᾶλλον
1064 3183 1237 3269 πρὸς
1294 3182 1412 3270 τὴν
1479 3184 1851 3266 μέλλουσαν
1921 3179 2166 3247 ἐλπίδα
2232 3176 2408 3267 ἤπερ
2482 3143 2600 3248 σύιν

441 3289 753 3374 κολακείᾳ
784 3286 956 3374 πρὸς
986 3287 1060 3353 τὸ
1095 3283 1217 3376 ἡδὺ
1255 3300 1399 3364 τοῖς
1434 3289 1545 3351 νῦν
1599 3282 2183 3370 [ἐπαινουμένοις.]
2262 3277 2458 3361 οὗτός
2491 3306 2598 3349 σοι

438 3386 656 3454 κανων
698 3392 810 3455 καὶ
858 3388 1130 3475 στάθμη
1182 3390 1484 3470 ἱστορίας
1530 3387 1811 3462 δικαίας.
1886 3387 1997 3451 καὶ
2044 3384 2253 3467 εἰμὲν
2287 3385 2598 3474 σταθμή-

442 3496 675 3557 σονταί
728 3516 904 3568 τινες
965 3486 1163 3579 αὐτῇ,
1226 3477 1294 3556 εὗ
1343 3481 1424 3555 ἂν
1471 3487 1608 3570 ἔχοι
1652 3490 1765 3553 καὶ
1824 3486 1891 3565 ἐς
1950 3487 2099 3552 δέον
2156 3484 2315 3573 ἡμῖν
2361 3492 2599 3572 γέγρα-

441 3617 628 3672 πται,
677 3592 735 3658 εἰ
781 3593 853 3658 δὲ
896 3594 1005 3681 μή,
1051 3593 1430 3659 κεκύλισται
1476 3587 1509 3656 o‘
1560 3594 1777 3664 πίθος
1823 3587 1890 3654 ἐν
1937 3593 2262 3673 Κρανείῳ.
