2800 4500
459 224 540 282 56
1341 224 1713 278 ΛΟΥΚΙΑΝΟΥ

458 395 526 473 ἐς
568 394 689 480 τὴν
722 391 955 461 Φελλώ
1003 384 1045 480 ἢ
1078 393 1143 473 ἐς
1187 393 1306 481 τὴν
1345 393 1747 478 Τυρόεσσαν.
1840 392 2227 477 συνωμότας
2273 393 2344 459 δὲ
2390 392 2614 461 πάλαι

455 497 1000 585 προσειλήφεσαν
1044 511 1221 583 τρεῖς
1264 500 1398 563 τῶν
1443 495 1726 582 ἑταίρων
1759 499 1892 561 τῶν
1925 493 2099 578 ἐμῶν
2143 494 2298 573 τοὺς
2341 501 2607 582 θρασυ·

452 599 715 678 τάτους.
804 604 900 687 τῷ
929 605 1158 684 μέντοι
1204 602 1415 686 πατρὶ
1459 604 1670 666 ταῦτα
1716 592 1832 665 οὐκ
1874 597 2221 687 ἐμήνυσεν·
2266 593 2607 687 ἠπίστατο

451 699 577 787 γὰρ
610 695 733 767 ὕπ’
788 695 991 768 αὐτοῦ
1035 701 1613 791 κωλυθησόμενος.
1687 696 1780 777 ὥς
1811 700 1882 766 δὲ
1915 698 2130 767 ἐδόκει
2174 693 2419 781 αὐτοῖς,
2472 701 2606 766 ἐτέ-

453 806 608 869 λουν
652 803 772 893 τὴν
819 803 1199 893 ἐπιβουλήν.
1286 806 1397 870 καὶ
1445 802 1678 890 ἐπειδὴ
1728 801 1845 880 νὺξ
1887 801 2143 887 ἐγένετο
2189 843 2271 852 -
2308 802 2432 889 ἐγώ
2481 804 2608 887 μὲν

452 900 527 971 οὗ
594 910 849 995 παρῆν·
927 906 1272 994 ἐτύγχανον
1337 905 1464 993 γὰρ
1531 905 1598 972 ἐν
1663 909 1761 992 τῴ
1836 910 2195 991 συμποσίῳ
2267 905 2607 990 κοιμώμε-

451 1033 562 1085 νος
592 1046 675 1056 -
709 1010 772 1076 οἱ
814 1008 885 1075 δὲ
921 1009 1249 1088 λαθόντες
1292 1007 1450 1087 τοῦς
1495 1004 1736 1086 ἄλλους
1783 1000 2228 1090 ἀναλαβόντες
2272 1008 2389 1097 τὴν
2427 1005 2607 1076 Ἑλέ-

367 1126 575 1198 26νην
611 1107 745 1177 ὑπὸ
797 1113 1094 1200 σπουδῆς
1140 1106 1547 1200 ἀνήχθησαν.
1622 1116 1724 1177 26.
1772 1113 1927 1196 περὶ
1963 1109 2138 1177 δὲτὸ
2173 1110 2609 1194 μεσονύκτιον

449 1208 884 1299 ἀνεγρόμενος
944 1210 978 1281 ὅ
1042 1217 1398 1292 Μενέλεως
1466 1212 1612 1280 ἐπεὶ
1684 1213 1902 1297 ἔμαθε
1968 1212 2088 1303 τὴν
2154 1209 2344 1302 εὐνὴν
2408 1214 2608 1301 κενὴν

446 1319 565 1401 τῆς
607 1316 947 1400 γυναικός,
1000 1316 1165 1405 βοήν
1209 1342 1282 1382 τε
1325 1317 1480 1405 ἵστη
1523 1319 1632 1382 καὶ
1680 1315 1796 1383 τὸν
1843 1309 2140 1405 ἀδελφὸν
2184 1317 2608 1402 παραλαβών

444 1412 552 1504 ᾔει
597 1417 768 1503 πρὸς
811 1418 930 1486 τὸν
971 1423 1257 1503 βασιλέα
1299 1419 1418 1487 τὸν
1456 1417 1940 1503 Ῥαδάμανθυν.
2029 1415 2278 1508 ἡμέρας
2322 1420 2394 1485 δὲ
2424 1416 2605 1486 ὖπο-

446 1521 814 1610 φαινούσης
873 1523 1092 1609 ἔλεγον
1150 1524 1216 1590 οἱ
1275 1526 1521 1590 σκοποὶ
1575 1527 1880 1607 καθορᾶν
1924 1521 2044 1609 τὴν
2089 1525 2249 1589 ναῦν
2296 1514 2371 1587 οὗ
2418 1521 2604 1588 πολὺ

443 1616 854 1706 ἀπέχουσαν·
925 1618 1098 1692 οὕτω
1158 1623 1236 1715 δὴ
1297 1624 1670 1709 ἐμβιβάσας
1727 1621 1761 1691 ό
1819 1621 2292 1707 Ῥαδάμανθυς
2349 1626 2604 1713 πεντή-

440 1751 640 1791 κοντα
697 1730 831 1792 τῶν
888 1723 1122 1815 ἡρώων
1168 1726 1232 1806 ἐς
1281 1731 1440 1795 ναῦν
1495 1726 1860 1811 μονόξυλον
1916 1720 2366 1816 ἀσφοδελίνην
2418 1753 2604 1813 παρ-

439 1826 699 1914 ήγγειλε
758 1828 1053 1896 διώκειν·
1115 1830 1181 1896 οἱ
1228 1830 1299 1896 δὲ
1344 1826 1478 1896 ὑπὸ
1544 1835 1938 1915 προθυμίας
1999 1828 2385 1908 ἐλαύνοντες
2435 1835 2604 1916 περὶ

439 1936 858 2016 μεσημβρίαν
931 1932 1558 2016 καταλαμβάνουσιν
1629 1926 1870 2010 αὐτοὺς
1938 1928 2093 2018 όῖρτι
2159 1930 2225 2010 ἐς
2291 1930 2407 1999 τὸν
2474 1958 2601 2019 γα-

442 2032 743 2119 λακτώδη
804 2027 1093 2102 ὠκεανὸν
1153 2033 1592 2119 ἐμβαίνοντας
1659 2037 1948 2122 πλησίον
2003 2037 2119 2124 τῆς
2184 2040 2598 2126 Τυροέσσης·

438 2133 626 2220 παρὰ
675 2139 994 2203 τοσοῦτον
1038 2122 1254 2226 ἦλθον
1315 2137 1705 2223 διαδρᾶναι·
1763 2140 1876 2204 καὶ
1938 2137 2435 2224 ἀναδησάμενοι
2479 2140 2691 2228 τὴν124
2757 2188 2758 2193 1

437 2240 597 2305 ναῦν
645 2233 878 2306 ἀλύσει
923 2240 1150 2329 ῥοδίνῃ
1197 2242 1583 2308 κατέπλεον.
1673 2237 1712 2330 ἡ
1751 2241 1873 2326 μὲν
1920 2228 2034 2309 οὗν
2053 2242 2273 2331 Ἑλένη
2322 2241 2603 2330 ἐδάκρυε

435 2366 508 2406 τε
552 2345 663 2410 καὶ
705 2336 1022 2430 ᾐσχύνετο
1067 2347 1180 2411 καὶ
1226 2343 1726 2426 ἐνεκαλύπτετο,
1773 2344 1929 2423 τοὺς
1976 2345 2047 2412 δὲ
2095 2338 2274 2433 ἀμφὶ
2319 2344 2437 2411 τὸν
2467 2352 2601 2413 Κι-

435 2441 635 2527 νύραν
694 2438 1047 2530 ἀνακρίνας
1104 2445 1434 2531 πρότερον
1487 2443 1521 2514 ὃ
1565 2444 2069 2531 Ῥαδάμανθυς,
2131 2447 2198 2514 εἴ
2249 2473 2425 2525 τινες
2481 2454 2598 2517 καὶ

435 2540 630 2612 ἄλλοι
677 2540 904 2624 αὐτοῖς
952 2555 1319 2631 συνίσασιν,
1368 2546 1460 2628 ὥς
1504 2544 1741 2617 οὐδένα
1788 2547 2000 2631 εἶπον,
2049 2549 2117 2616 ἐκ
2145 2553 2280 2615 τῶν
2313 2551 2598 2618 αἰδοίων

435 2646 643 2731 δήσας
681 2643 1090 2735 ἀπέπεμψεν
1120 2650 1187 2729 ἐς
1216 2650 1333 2719 τὸν
1364 2656 1499 2719 τῶν
1545 2646 1807 2736 ἀσεβιῦν
1847 2656 2064 2737 χῶρον
2107 2647 2368 2739 μαλάχῃ
2414 2654 2593 2736 πρό-

345 2769 622 2834 27τερον
679 2757 1254 2839 μαστιγωθέντας.
1344 2761 1447 2821 27.
1506 2754 1933 2842 ἐψηφίσαντο
1982 2755 2053 2821 δὲ
2095 2758 2205 2822 καὶ
2251 2751 2427 2845 ἡμᾶς
2473 2757 2596 2840 ἐμ-

430 2856 873 2937 προθέσμους
931 2853 1300 2940 ἐκπέμπειν
1346 2858 1417 2923 ἐκ
1459 2869 1575 2946 τῆς
1619 2853 1820 2945 νήσου
1873 2857 1991 2944 τὴν
2053 2856 2379 2925 ἐπιοῦσαν
2424 2855 2591 2947 ἡμέ-

431 2980 554 3038 ραν
610 2955 818 3046 μόνην
877 2956 1370 3041 ἐπιμείναντας.
1475 2959 1773 3028 ἐνταῦθα
1833 2960 1911 3048 δὴ
1973 2959 2097 3046 ἐγώ
2160 2960 2590 3048 ἐποτνιώμην

427 3080 502 3121 τε
557 3060 667 3124 καὶ
731 3058 1047 3145 ἐδάκρυον
1105 3061 1217 3128 οἶα
1275 3062 1550 3146 ἔμελλον
1621 3056 1851 3148 ἀγαθὰ
1918 3063 2312 3131 καταλιπών
2380 3051 2590 3142 αὖθις

426 3161 1028 3252 πλανηθήσεσθαι.
1119 3158 1309 3231 αὐτοὶ
1342 3170 1574 3248 μέντοι
1610 3169 2129 3250 παρεμυθοῦντο
2178 3167 2480 3252 λέγοντες
2510 3162 2587 3232 οὗ

426 3264 698 3329 πολλῶν
757 3264 922 3331 ἐτιῦν
979 3260 1354 3353 ἀφίξεσθαι
1413 3268 1622 3334 πάλιν
1668 3263 1761 3345 ὥς
1808 3265 2078 3348 αὐτούς,
2140 3275 2251 3335 καί
2293 3293 2411 3350 μοι
2458 3263 2583 3357 ἤδη

423 3365 677 3449 θρόνον
721 3392 796 3433 τε
840 3371 953 3436 καὶ
995 3371 1260 3436 κλισίαν
1307 3368 1374 3447 ἐς
1417 3364 1703 3437 τούπιὸν
1761 3369 2233 3437 ἐπεδείκνυσαν
2292 3371 2583 3459 πλησίον

422 3469 555 3531 τῶν
602 3461 915 3553 ἀρίστων.
1005 3469 1132 3557 ἐγώ
1166 3472 1237 3538 δὲ
1269 3473 1679 3557 προσελθών
1724 3476 1820 3560 τῷ
1858 3469 2310 3556 Ῥαδαμάνθυι
2358 3471 2582 3541 πολλὰ

425 3568 717 3636 ἱκέτευον
764 3570 982 3640 εἰπεῖν
1012 3571 1098 3639 τὰ
1126 3576 1457 3658 μέλλοντα
1499 3579 1608 3643 καὶ
1655 3572 2014 3654 ὑποδεῖξαί
2048 3601 2166 3659 μοι
2194 3572 2314 3642 τὸν
2343 3576 2582 3641 πλοῦν.

420 3666 455 3736 o‘
507 3670 578 3736 δὲ
624 3671 912 3760 ἔφασκεν
960 3669 1338 3764 ἀφίξεσθαι
1379 3679 1502 3762 μὲν
1533 3677 1601 3757 ἐς
1629 3676 1750 3765 τὴν
1795 3678 2095 3763 πατρίδα
2140 3675 2363 3744 πολλὰ
2407 3678 2582 3764 πρό-

417 3797 614 3858 τερον
686 3778 1126 3866 πλανηθέντα
1200 3783 1313 3847 καὶ
1383 3780 1930 3862 κινδυνεύσαντα,
2006 3779 2123 3847 τὸν
2199 3779 2272 3846 δὲ
2338 3778 2580 3862 χρόνον

419 3868 638 3943 οὐκέτι
682 3881 802 3963 τῆς
849 3877 1186 3947 ἐπανόδου
1232 3888 1647 3963 προσθεῖναι
1690 3877 2058 3972 ἠθέλησεν·
2120 3877 2291 3950 ἀλλὰ
2340 3881 2419 3968 δὴ
2468 3884 2577 3949 καὶ

419 3975 675 4056 δεικνύς
730 3979 855 4058 τὰς
914 3984 1205 4070 πλησίον
1265 3982 1506 4071 νήσους
1547 4024 1627 4033 -
1677 3985 2035 4074 ἐφαίνοντο
2098 3986 2170 4052 δὲ
2214 3988 2418 4051 πέντε
2460 3980 2577 4049 τὸν

372 4285 527 4461 'k
