2800 4500
541 241 661 299 140
1421 239 1792 293 ΔΟΥΚΙΑΝΟΥ

535 414 648 478 καὶ
694 409 987 496 λάρνακα
1029 416 1191 493 μίαν
1237 412 1560 494 λείψανον
1603 411 1724 474 τοῦ
1768 402 2215 494 ἀνθρωπείου
2271 413 2500 495 γένους
2561 433 2682 497 φυ-

540 513 907 581 λάττουσαν
950 515 1062 579 καὶ
1108 511 1176 578 ἐκ
1222 515 1440 577 λίθων
1488 506 1895 597 ἀνθρώπους
1948 509 2193 592 πάλιν,
2253 508 2401 578 εἶτα
2437 505 2681 592 Ἰάκχου

540 613 934 701 σπαραγμὸν
978 617 1088 682 καὶ
1117 607 1341 699 (Ἠρας
1386 612 1581 680 δόλον
1629 614 1741 679 καὶ
1785 614 2077 700 Σεμέλης
2117 611 2527 702 κατάφλεξιν
2580 614 2682 678 καὶ

539 717 867 785 Αιῡνύσου
915 711 1299 805 ἀμφοτέρας
1341 714 1463 794 τὰς
1504 714 1703 799 γονὰς
1746 718 1856 782 καὶ
1899 708 2029 782 ὅσα
2061 718 2221 801 περὶ
2248 708 2552 802 Ἀθηνᾶς
2579 716 2683 779 καὶ

540 817 664 885 Hm:
711 822 865 904 περὶ
893 816 1274 906 (Ηφαίστου
1317 820 1430 884 καὶ
1454 816 1879 903 Ἐριχθονίου
1909 821 2022 885 καὶ
2052 816 2172 906 τὴν
2203 817 2342 905 ἔριν
2373 815 2498 908 τῆν
2534 819 2682 900 περὶ

540 929 652 1009 τῆς
686 915 995 1009 Ἀττικῆς
1036 923 1148 987 καὶ
1187 916 1623 1005 Ἁλιρρόθιον
1667 922 1779 985 καὶ
1822 918 1943 1007 τὴν
2003 919 2277 1007 πρώτην
2336 917 2405 985 ἐν
2442 913 2682 1004 Ἀρείῳ

544 1025 733 1110 ,πέγῳ
779 1029 1021 1109 κρίσιν,
1076 1025 1187 1088 καὶ
1233 1014 1406 1100 ὅλως
1447 1020 1567 1110 τὴν
1602 1015 1914 1111 Ἀττικὴν
1958 1025 2191 1088 πᾶσαν
2247 1024 2683 1107 μυθολογίαν.

440 1137 508 1189 -ῙιιζΙ
552 1137 636 1193 HJ.
683 1125 1036 1213 ἐξαιρέτως
1081 1125 1153 1192 δὲ
1194 1123 1312 1212 τὴν
1356 1122 1715 1212 Δήμητρος
1770 1123 2028 1212 πλάνην
2072 1127 2181 1191 καὶ
2229 1123 2453 1211 Κόρης
2511 1117 2684 1209 εῧρε-

540 1257 644 1297 ηιμ
709 1231 821 1295 καὶ
879 1229 1128 1293 Κελεοῦ
1198 1225 1416 1303 ξενίαν
1482 1228 1594 1291 καὶ
1660 1227 2123 1310 Τριπτολέμου
2190 1231 2517 1312 γεωργίαν
2583 1228 2685 1291 καὶ

539 1333 819 1416 Ἰκαρίου
867 1323 1365 1415 ἀμπελουργίαν
1410 1331 1522 1395 καὶ
1566 1328 1687 1415 τὴν
1726 1321 2079 1417 Ἠριγόνης
2135 1328 2525 1417 συμφοράν,
2584 1332 2762 1395 naim

540 1429 665 1498 ὅσα
710 1435 868 1518 περὶ
902 1437 1151 1518 Βορέου
1195 1434 1307 1497 καὶ
1352 1423 1483 1498 ὅσα
1513 1433 1672 1516 περὶ
1695 1424 2096 1515 Ὠρειθυίας
2123 1434 2238 1497 καὶ
2273 1434 2555 1519 Θησέως
2582 1433 2684 1497 καὶ

548 1537 839 1621 .--ίὲγέως·
887 1533 989 1600 ἐ’τι
1033 1534 1105 1601 δὲ
1148 1532 1268 1621 τὴν
1308 1533 1610 1620 Μηδείας
1652 1528 1991 1621 ὑποδοχὴν
2034 1534 2143 1600 καὶ
2179 1518 2383 1610 αὖθις
2415 1532 2482 1609 ἐς
2515 1534 2683 1617 Πέρ-

540 1661 660 1713 σας
706 1634 917 1724 φυγὴν
972 1640 1083 1702 καὶ
1138 1634 1262 1713 τὰς
1298 1628 1673 1719 Ἐρεχθέως
1729 1632 2107 1720 θυγατέρας
2164 1637 2275 1701 καὶ
2335 1633 2459 1712 τὰς
2505 1642 2683 1701 Παν-

544 1749 781 1824 ιὶἑόνος,
828 1731 870 1805 ὅ
913 1762 987 1805 τε
1032 1736 1098 1803 ἐν
1134 1736 1356 1824 Θράκῃ
1406 1736 1675 1804 ἔπαθον
1719 1739 1831 1803 καὶ
1877 1736 2201 1823 ἔπραξαν·
2248 1733 2394 1803 εἶτα
2429 1732 2464 1803 ό
2490 1730 2681 1803 ’Aud-

536 1866 665 1921 μας
707 1843 816 1906 καὶ
862 1836 902 1928 ἡ
953 1841 1204 1915 Φυλλὶς
1247 1841 1357 1905 καὶ
1403 1835 1443 1927 ἡ
1491 1843 1788 1924 προτέρα
1835 1839 1906 1905 δὲ
1950 1842 2067 1923 τῆς
2107 1834 2376 1925 Ἑλένης
2424 1834 2681 1925 ἁρπαγὴ

540 1949 644 2009 καὶ
702 1939 739 2031 ἡ
801 1947 1117 2028 στρατεία
1171 1945 1305 2007 τῶν
1350 1940 1769 2026 Διοσκούρων
1828 1939 1946 2007 ἐπὶ
2002 1940 2122 2028 τήν
2182 1940 2386 2009 πόλιν
2442 1943 2557 2006 καὶ
2612 1939 2678 2006 τὸ

536 2043 945 2111 ἰ,ιῑππολύτου
992 2042 1226 2120 πάθος
1269 2045 1383 2109 καὶ
1408 2038 1862 2125 “Ηρακλειδιῦν
1887 2036 2219 2121 κάθοδος·
2256 2036 2536 2109 Ἀττικὰ
2566 2041 2681 2128 γὰρ
2760 2120 2761 2129 ¹

536 2153 644 2213 καὶ
689 2150 901 2214 ταῦτα
932 2145 1204 2223 εἰκότως
1236 2135 1315 2211 ἀν
1348 2145 1708 2229 νομίζοιτο.
1797 2149 2010 2212 ταῦτα
2039 2146 2160 2229 μὲν
2190 2143 2275 2213 τὰ
2298 2139 2680 2233 Ἀθηναίων
2760 2146 2761 2155 ’

536 2249 730 2333 ὀλίγα
773 2250 951 2317 πάνυ
999 2250 1351 2336 δείγματος
1397 2246 1584 2315 ἕνεκα
1630 2246 1699 2314 ἐκ
1744 2250 2014 2315 πολλῶν
2058 2252 2192 2316 τῶν
2234 2250 2681 2333 παραλελειμ-

436 2373 496 2421 -ιι
536 2361 747 2433 μένων
780 2353 1084 2439 διῆλθον.
1146 2358 1248 2417 41.
1296 2349 1445 2439 ἑξῆς
1475 2351 1548 2416 δὲ
1576 2351 1871 2436 Μέγαρα
1899 2353 2012 2418 καὶ
2044 2359 2260 2429 Νῖσος
2289 2352 2402 2418 καὶ
2431 2349 2680 2416 Σκύλλα

540 2461 644 2522 καὶ
689 2458 1078 2544 πορφυροῦς
1122 2453 1472 2537 πλόκαμος
1515 2456 1625 2520 καὶ
1658 2460 1943 2532 Μίνωος
1988 2454 2202 2539 πόρος
2234 2458 2349 2521 καὶ
2379 2455 2541 2538 περὶ
2570 2453 2679 2539 τὴν

540 2558 860 2645 ;-;ἶ·εργέτιν
920 2552 1309 2643 ἀχαριστία·
1370 2555 1472 2634 οἷς
1530 2555 1680 2645 ἑξῆς
1734 2552 1769 2623 ό
1820 2555 2180 2642 Κιθαιρὼν
2235 2558 2348 2623 καὶ
2401 2555 2485 2622 τὰ
2553 2560 2678 2642 Θη-

536 2666 747 2742 Ι,καίων
789 2663 899 2727 καὶ
945 2660 1400 2744 Λαβδακιδῶν
1446 2659 1645 2748 πάθη
1703 2663 1818 2726 καὶ
1864 2659 2143 2744 Κάδμου
2203 2657 2534 2746 ἐπιδημία
2576 2658 2679 2723 καὶ

536 2762 695 2842 :¹5³5ss
739 2758 1010 2840 ὄκλασις
1052 2764 1164 2828 καὶ
1215 2757 1440 2850 ὄφεως
1497 2755 1766 2839 ὀδόντες
1820 2765 1934 2828 καὶ
1978 2765 2310 2846 Σπαρτῶν
2367 2755 2759 2834 ἀνάδοσιςῖθῧ

540 2870 644 2930 καὶ
695 2852 898 2942 αὖθις
939 2868 1058 2930 τοῦ
1102 2863 1383 2948 Κάδμου
1443 2862 1510 2941 ἐς
1568 2863 1897 2948 δράκοντα
1949 2862 2285 2951 μεταβολὴ
2344 2865 2459 2930 καὶ
2516 2859 2679 2946 πρὸς

544 2966 739 3050 λύραν
779 2971 1056 3048 τείχισις
1099 2968 1210 3032 καὶ
1252 2972 1466 3050 μανία
1509 2969 1630 3032 τοῦ
1686 2968 2075 3047 τειχοποιοῦ
2120 2968 2232 3032 καὶ
2287 2969 2407 3054 τῆς
2460 2988 2678 3050 γυναι-

540 3070 648 3146 κὸς
696 3061 898 3135 αὐτοῦ
941 3072 1058 3155 τῆς
1087 3068 1345 3156 Νιόβης
1387 3064 1427 3154 ἥ
1476 3070 1885 3153 μεγαλαυχία
1928 3070 2039 3134 καὶ
2083 3063 2123 3156 ἡ
2164 3065 2280 3135 ἐπὶ
2312 3070 2411 3153 τῷ
2440 3070 2678 3132 πένθει

540 3169 686 3261 σιγὴ
729 3174 842 3238 καὶ
885 3169 969 3237 τὰ
1014 3175 1342 3248 Πενθέως
1397 3173 1509 3237 καὶ
1545 3163 1953 3248 Ἀκταίωνος
2010 3174 2120 3239 καὶ
2175 3168 2260 3236 τὰ
2317 3167 2677 3242 Οἰδίποδος

540 3278 644 3342 καὶ
672 3270 999 3359 εΗρακλῆς
1032 3273 1150 3339 σὺν
1179 3287 1325 3350 τοῖς
1357 3267 1604 3350 ἄθλοις
1635 3265 1836 3338 αὐτοῦ
1870 3264 2088 3338 ἅπασι
2120 3269 2253 3359 [καὶ
2285 3267 2323 3356 ἦ
2357 3275 2491 3336 τῶν
2521 3275 2674 3336 παί-
2758 3340 2759 3349 ¹

440 3386 508 3438 42
544 3382 673 3442 ύων
718 3374 987 3464 σφαγή.]
1080 3381 1181 3442 42.
1229 3368 1371 3441 εἶθ’
1423 3371 1460 3461 ἡ
1496 3374 1840 3459 Κόρινθος
1869 3376 2045 3440 πλέα
2088 3376 2197 3441 καὶ
2230 3366 2393 3461 αῦτη
2424 3371 2672 3457 μύθων,
2758 3381 2759 3415 ³

544 3478 656 3562 τὴν
689 3478 985 3567 Γλαύκην
1015 3481 1127 3544 καὶ
1170 3477 1286 3544 τὸν
1319 3482 1619 3559 Κρέοντα
1664 3476 1922 3559 ἔχουσα,
1967 3480 2077 3544 καὶ
2121 3475 2238 3543 τὸν
2283 3475 2417 3561 πρὸ
2469 3469 2674 3542 αὗτῶν

544 3578 656 3646 τόν
689 3579 1229 3668 Βελλεροφόντην
1272 3581 1384 3645 καὶ
1428 3577 1549 3664 τὴν
1593 3583 2006 3662 Σθενέβοιαν
2049 3581 2157 3645 καὶ
2185 3573 2428 3645 ‘HI-lov
2472 3576 2670 3663 μάχην

544 3686 648 3746 καὶ
672 3681 1117 3761 Ποσειδῶνος,
1149 3683 1259 3747 καὶ
1283 3680 1453 3764 μετὰ
1475 3685 1686 3747 ταῦτα
1706 3679 1826 3768 τὴν
1842 3674 2277 3766 Ἀθάμαντος
2305 3686 2553 3765 μανίαν
2573 3679 2671 3744 καὶ

544 3790 668 3850 τῶν
714 3786 1023 3871 Νεφέλης
1068 3783 1334 3850 παίδων
1379 3782 1497 3851 ἐπὶ
1542 3787 1661 3851 τοῦ
1702 3787 1892 3869 κριοῦ
1947 3782 2066 3872 τὴν
2111 3783 2410 3868 διαέριον
2454 3779 2668 3870 φυγήν,

440 3898 512 3946 423
544 3894 652 3954 καὶ.
695 3875 1044 3971 τὴνἸνοῦς
1086 3889 1196 3952 καὶ
1228 3887 1648 3968 Μελικέρτου
1680 3882 2038 3973 ὑποδοχήν.
2127 3890 2229 3951 43.
2276 3883 2395 3952 ἐπὶ
2426 3884 2670 3956 τούτοις

540 3988 620 4054 τὰ
657 3988 1061 4054 Πελοπιδῶν
1104 3989 1213 4053 καὶ
1247 3991 1563 4075 Μυκῆναι
1607 3990 1715 4053 καὶ
1762 3986 1845 4053 τὰ
1893 3985 1962 4053 ἐν
1994 3984 2226 4063 αὑταῖς
2256 3990 2367 4054 καὶ
2400 3984 2530 4071 πρὸ
2565 3981 2671 4050 αὺ-
