2800 4500
453 259 535 317 52
1338 260 1711 314 ΔΟΥΚΙΔΝΟΥ

456 428 755 515 Εὔνομός
798 457 871 497 τε
909 428 943 497 o‘
980 428 1252 514 Λοκρὸς
1281 433 1392 496 καὶ
1419 424 1665 515 Ἀρίων
1698 427 1732 497 0‘
1766 435 2069 514 Λέσβιος
2098 433 2210 497 καὶ
2232 424 2627 516 Ἀνακρέων

452 539 563 602 καὶ
609 541 1041 622 Στησίχορος·
1088 536 1197 600 καὶ
1243 533 1370 619 γὰρ
1414 541 1651 600 τοῦτον
1693 526 1866 618 παρ’
1921 526 2150 612 αὐτοῖς
2195 531 2624 620 ἐθεασάμην,

452 633 575 723 ἤδη
635 640 752 724 τῆς
802 633 1057 723 Ἑλένης
1116 630 1297 721 αύτῷ
1356 636 1851 725 διηλλαγμένης.
1954 633 2232 703 ἐπειδὰν
2293 636 2364 702 δὲ
2422 630 2624 702 οὗτοι

454 738 847 806 παύσωνται
895 735 1187 827 ᾄδοντες,
1236 737 1541 823 δεύτερος
1580 738 1780 822 χορὸς
1825 745 2229 825 παρέρχεται
2265 738 2333 804 ἐκ
2362 738 2625 805 κύκνων

452 842 560 906 καὶ
601 840 964 923 χελιδόνων
1008 843 1116 906 καὶ
1167 834 1489 928 ἀηδόνων.
1580 839 1858 908 ἐπειδὰν
1905 842 2116 925 δὲκαὶ
2150 835 2335 907 οὗτοι
2370 836 2624 928 ᾇσωσι,

453 941 606 1008 τότε
649 938 773 1031 ἤδη
820 947 1012 1008 πάσα
1055 938 1092 1028 ἡ
1140 936 1261 1030 ῧλη
1310 941 1589 1010 ἐπαυλεῖ
1631 946 1759 1009 τῶν
1813 937 2072 1028 ἀνέμων
2130 943 2623 1030 καταρχόντων.

369 1051 566 1112 1616.
612 1051 923 1132 μέγιστον
969 1045 1039 1111 δὲ
1087 1045 1165 1135 δὴ
1211 1043 1384 1132 πρὸς
1431 1041 1840 1134 εὐφροσύνην
1887 1044 2093 1113 ἐκεῖνο
2140 1044 2393 1129 ἔχουσι·
2483 1070 2634 1132 πη-
2654 1056 2741 1108 114

454 1156 569 1232 γαί
614 1147 746 1215 εἶσι
793 1148 909 1215 δύο
958 1146 1144 1232 παρὰ
1190 1148 1264 1214 τὸ
1316 1148 1728 1232 συμπόσιον,
1788 1145 1828 1238 ἡ
1881 1149 2003 1233 μὲν
2059 1149 2379 1235 γέλωτος,
2437 1142 2475 1233 ῆ
2544 1147 2627 1212 δὲ

452 1247 727 1340 ἡδονῆς·
779 1250 846 1317 ἐκ
890 1253 1143 1317 τούτων
1189 1249 1504 1335 ἑκατέρας
1548 1250 1799 1328 πάντες
1845 1249 1913 1317 ἓν
1960 1243 2126 1338 άρχῇ
2169 1253 2287 1335 τῆς
2333 1244 2627 1331 εὐωχίας

456 1360 731 1420 πίνουσι
776 1356 883 1419 καὶ
932 1352 1007 1420 τὸ
1059 1351 1303 1421 λοιπὸν
1360 1349 1678 1439 ἡδόμενοι
1734 1356 1848 1420 καὶ
1904 1354 2225 1440 γελῶντες
2283 1346 2623 1437 διάγουσι.

378 1467 446 1524 17
633 1463 730 1522 17.
779 1455 1123 1538 Βούλομαι
1172 1456 1243 1521 δὲ
1288 1455 1507 1522 εἰπεῖν
1550 1458 1661 1521 καὶ
1707 1459 1838 1521 τῶν
1892 1454 2242 1544 ἐπισήμων
2303 1448 2627 1532 οῧστινας

457 1552 623 1643 παρ’
679 1552 905 1634 αὐτοῖς
949 1551 1371 1647 ἐθεασάμην·
1434 1557 1695 1635 πάντας
1738 1557 1860 1640 μὲν
1903 1556 2059 1635 τοὺς
2114 1554 2445 1644 ἡμιθέους
2499 1561 2622 1622 καὶ

453 1660 611 1738 τοὺς
656 1656 989 1728 ἕπὶἼλιον
1037 1660 1568 1745 στρατεύσαντας
1613 1660 1787 1748 πλήν
1830 1685 1904 1747 γε
1931 1663 2052 1727 τοῦ
2080 1663 2357 1745 Λοκροῦ
2386 1659 2625 1726 Αἴαν-

454 1782 603 1841 τος·
663 1761 910 1830 ἐκεῖνον
956 1763 1027 1828 δὲ
1071 1763 1275 1845 μόνον
1322 1763 1615 1851 ἔφασκον
1661 1760 1728 1828 ἐν
1771 1766 1867 1848 τῴ
1912 1766 2044 1829 τῶν
2100 1756 2361 1846 ἀσεβῶν
2416 1762 2624 1849 χώρῳ

456 1865 881 1945 κολάζεσθαι.
967 1864 1328 1951 βαρβάρων
1375 1866 1447 1932 δὲ
1479 1865 1738 1950 Κύρους
1781 1891 1854 1932 τε
1899 1859 2324 1953 ἀμφοτέρους
2353 1868 2462 1931 καὶ
2493 1864 2623 1931 τὸν

457 1968 724 2057 Σκύθην
762 1962 1167 2053 Ἀνάχαρσιν
1211 1972 1323 2036 καὶ
1375 1967 1493 2035 τὸν
1544 1972 1773 2056 Θρᾷκα
1819 1968 2157 2051 Ζάμολξιν
2214 1972 2325 2035 καὶ
2372 1971 2625 2050 Νομᾶν

457 2069 574 2137 τὸν
611 2065 1020 2160 Ἰταλιώτην,
1067 2073 1176 2137 καὶ
1223 2077 1353 2160 μην
1412 2073 1523 2137 καὶ
1567 2074 1959 2157 Λυκοῦργον
2017 2070 2131 2136 τὸν
2176 2069 2626 2152 Λακεδαιμό-

459 2199 600 2240 νιον
644 2176 751 2240 καὶ
804 2179 1136 2239 Φωκίωνα
1179 2176 1290 2239 καὶ
1344 2175 1592 2238 Τέλλον
1636 2171 1792 2251 τοὺς
1829 2167 2261 2261 Ἀθηναίους,
2305 2175 2412 2238 καὶ
2458 2170 2628 2251 τοὺς

461 2276 713 2366 σοφοὺς
769 2274 924 2343 ἄνευ
985 2276 1428 2362 Περιάνδρου.
1536 2273 1714 2342 εἶδον
1782 2276 1852 2342 δὲ
1917 2279 2026 2342 καὶ
2084 2276 2437 2363 Σωκράτην
2494 2274 2624 2341 τὸν

458 2386 934 2468 Σωφρονίσκου
1004 2375 1489 2461 ἀδολεσχοῦντα
1556 2376 1722 2460 μετὰ
1793 2383 2132 2463 Νέστορος
2197 2381 2304 2443 καὶ
2374 2380 2624 2443 Παλα-

456 2482 739 2568 μήδους·
801 2485 956 2569 περὶ
1017 2482 1086 2548 δὲ
1147 2475 1347 2548 αὐτὸν
1406 2467 1576 2566 ῆσαν
1627 2477 1989 2558 εΥάκινθός
2045 2505 2118 2546 τε
2172 2477 2207 2546 ὃ
2268 2479 2628 2546 Λακεδαι-

458 2585 692 2668 μόνιος
749 2588 859 2651 καὶ
918 2581 952 2651 ὃ
1017 2582 1351 2660 Θεσπιεὺς
1398 2582 1784 2667 Νάρκισσος
1840 2585 1952 2648 καὶ
1983 2575 2191 2660 (Ύλας
2247 2585 2359 2648 καὶ
2418 2578 2626 2649 ἄλλοι

460 2690 704 2753 πολλοὶ
762 2691 872 2754 καὶ
924 2687 1137 2752 καλοί.
1225 2691 1340 2751 καί
1394 2710 1513 2768 μοι
1573 2684 1786 2751 ἐδόκει
1844 2683 2000 2768 ἐρᾶν
2056 2688 2173 2751 τοῦ
2214 2680 2623 2751 Ὑακίνθου·

460 2789 681 2855 πολλὰ
760 2793 916 2877 γοῦν
1000 2790 1246 2855 ἐκεῖνον
1327 2788 1678 2872 διήλεγχεν.
1793 2786 2049 2872 ἐλέγετο
2134 2787 2205 2854 δὲ
2280 2789 2626 2870 χαλεπαί-

460 2917 597 2958 νειν
644 2886 826 2978 αὐτῷ
872 2887 905 2957 ὅ
949 2887 1422 2973 (Ραδάμανθυς
1465 2893 1578 2956 καὶ
1636 2884 2067 2976 ἠπειληκέναι
2127 2889 2454 2967 πολλάκις
2515 2888 2626 2956 ἐκ·-

459 2996 689 3078 βαλεῖν
752 2988 953 3060 αὐτὸν
1013 2991 1081 3058 ἐκ
1136 2996 1253 3079 τῆς
1319 2991 1552 3079 νήσου,
1618 2982 1698 3080 ἢν
1758 2994 2022 3080 φλυαρῇ
2078 2994 2188 3058 καὶ
2255 2990 2345 3080 μὴ
2407 2991 2621 3079 ἐθέλῃ
2645 3022 2737 3074 115

463 3092 662 3185 ἀφεὶς
705 3095 823 3184 τὴν
877 3094 1221 3180 εἰρωνείαν
1282 3088 1706 3177 εὐωχεῖσθαι.
1797 3093 2087 3160 Πλάτων
2145 3093 2217 3159 δὲ
2272 3093 2478 3177 μόνος
2542 3089 2622 3160 οὗ

462 3202 703 3288 παρῆν,
752 3193 912 3264 ἀλλ’
959 3196 1214 3284 ἐλέγετο
1265 3195 1424 3284 [καὶ]
1474 3190 1673 3274 αὐτὸς
1704 3195 1772 3262 ἐν
1815 3200 1900 3283 τῇ
1933 3190 2451 3282 ἀναπλασθείσῃ
2483 3190 2617 3262 ὕπ’

465 3296 668 3369 αὐτοῦ
701 3299 896 3366 πόλει
931 3299 1133 3367 οἰκεῖν
1173 3300 1514 3384 χρώμενος
1556 3303 1636 3387 τῇ
1683 3302 1999 3387 πολιτείᾳ
2042 3301 2151 3364 καὶ
2194 3311 2339 3375 τοῖς
2383 3299 2628 3383 νόμοις

380 3403 567 3481 18οἶς
613 3407 1044 3487 συνέγραψεν.
1139 3407 1237 3468 18.
1286 3403 1350 3468 οἱ
1395 3406 1625 3485 μέντοι
1675 3395 1848 3488 ἄμφ’
1885 3395 2342 3485 Ἀρίστιππόν
2385 3426 2461 3467 τε
2505 3405 2621 3469 καὶ

456 3501 852 3589 Ἐπίκουρον
899 3503 980 3569 τὰ
1029 3508 1265 3590 πρῶτα
1296 3498 1461 3590 παρ’
1502 3498 1729 3580 αὐτοῖς
1762 3502 2079 3591 ἐφέροντο
2111 3499 2295 3588 ἡδεῖς
2323 3528 2397 3570 τε
2429 3499 2628 3581 ὄντες

462 3610 571 3674 καὶ
618 3612 1077 3691 κεχαρισμένοι
1121 3609 1229 3673 καὶ
1280 3605 1886 3690 συμποτικώτατοι.
1977 3609 2198 3694 παρῆν
2230 3605 2445 3672 δὲκαὶ
2476 3607 2627 3682 Λ-

464 3734 698 3787 σωπος
742 3706 775 3776 0‘
831 3709 1044 3795 Φρύξ·
1103 3709 1320 3796 τούτῳ
1368 3709 1440 3774 δὲ
1486 3702 1614 3775 ὅσα
1657 3710 1768 3774 καὶ
1813 3710 2249 3793 γελωτοποιῷ
2301 3711 2624 3793 χρῶνται.

461 3818 784 3900 Διογένης
828 3816 949 3896 μέν
993 3836 1065 3897 γε
1110 3807 1143 3878 o‘
1181 3809 1527 3887 Σινωπεὺς
1568 3814 1889 3877 τοσοῦτον
1934 3812 2254 3894 μετέβαλε
2298 3813 2417 3876 τοῦ
2461 3811 2628 3896 τρό-

465 3942 633 3996 που,
693 3909 866 3982 ιῧστε
909 3918 1110 4001 γῆμαι
1158 3914 1279 3997 μὲν
1325 3913 1566 3979 Λαΐδα
1611 3912 1729 3999 τὴν
1776 3912 2080 3999 ἑταίραν,
2140 3906 2497 3998 ὀρχεῖσθαι
2551 3915 2627 3980 δὲ

465 4017 793 4096 πολλάκις
836 4015 969 4084 ὑπὸ
1014 4020 1232 4103 μέθης
1279 4010 1719 4098 ἀνιστάμενον
1765 4019 1874 4082 καὶ
1907 4028 2276 4100 παροινεῖν.
2364 4019 2500 4080 τῶν
2551 4017 2628 4083 δὲ
