2800 4500
899 261 1470 317 ΑΠΟΚΗΡΥΤΤΟΜΕΝ
1474 261 1572 315 ΟΣ.
2226 259 2308 319 83

177 433 324 510 δίως
367 431 822 522 ἐπιλελῆσθαι
864 436 974 500 καὶ
1023 432 1139 499 ἐπὶ
1184 430 1303 516 τὴν
1350 430 1627 518 ἐρημίαν
1673 429 1970 498 ἐλαύνειν
1999 427 2114 497 τὸν
2144 457 2309 518 μνη-

175 528 392 601 σθέντ
447 562 532 602 αν
580 535 852 613 δικαίως
897 527 1009 623 ἐφ’
1062 533 1164 611 οἶς
1210 528 1455 611 ἀδίκως
1513 531 1899 621 ἐξεβέβλητο
1960 531 2048 621 μὴ
2104 532 2309 617 μόνον

174 631 240 704 οὗ
295 636 911 726 μνησικακήσαντα,
980 630 1149 701 ἀλλὰ
1205 638 1317 703 καὶ
1377 634 1690 703 σώσαντα
1755 638 1865 702 καὶ
1935 647 2309 722 σωφρονεῖν

172 737 801 825 παρασκευάσαντας
863 746 960 806 14.
1008 731 1084 804 οὗ
1128 736 1253 824 γὰρ
1300 737 1367 816 ἐς
1411 736 1676 822 μικρόν,
1736 763 1789 802 ω
1851 733 2086 820 ανδρες
2130 736 2414 802 duta-14

171 847 330 922 σταί,
378 835 536 908 οιὸὲ
579 841 657 908 τὸ
703 838 899 924 τυχὸν
945 826 1015 907 εὖ
1047 838 1441 930 πεποιηκώς
1469 834 1673 907 αὑτὸν
1703 839 1888 922 ὅμως
1922 842 2054 905 τῶν
2084 837 2309 906 τοιού-

169 967 288 1009 των
317 946 430 1009 νῦν
462 937 805 1026 ἀξιοῦμαι.
896 936 1045 1007 ἀλλ’
1086 942 1146 1008 εἰ
1176 945 1286 1009 καὶ
1319 936 1516 1020 οὗτος
1547 936 1772 1027 ἀγνοεῖ
1799 939 1882 1008 τὰ
1915 936 2086 1022 τότε,
2132 940 2309 1007 πάν-

169 1071 265 1124 τες
304 1047 496 1131 ὑμεῖς
542 1046 687 1113 ἰ’στε
717 1045 828 1113 οἶα
868 1052 1197 1112 ποιοῦντα
1228 1038 1431 1113 αὑτὸν
1458 1047 1571 1112 καὶ
1601 1045 1950 1128 πάσχοντα
1978 1046 2088 1110 καὶ
2119 1043 2309 1120 ὅπως

170 1149 573 1231 διακείμενον
647 1146 770 1233 ἐγώ
848 1146 1292 1234 παραλαβών,
1366 1150 1501 1213 τῶν
1572 1147 1692 1231 μὲν
1767 1141 1986 1213 ἄλλων
2062 1146 2306 1232 ἰατρῶν

170 1244 671 1336 ἀπεγνωκότων,
725 1254 858 1316 τῶν
904 1250 977 1316 δὲ
1024 1249 1287 1318 οἰκείων
1332 1249 1714 1338 φευγόντων
1771 1252 1882 1316 καὶ
1924 1249 2099 1372 μηδὲε
2134 1250 2309 1338 πλη-

172 1359 301 1420 σίον
358 1357 723 1439 προσιέναι
781 1351 1210 1436 τολμώντων,
1278 1356 1586 1419 τοιοῦτον
1644 1345 1992 1440 ἀπέφηνα,
2050 1347 2141 1428 ώς
2196 1354 2309 1418 καὶ

170 1468 542 1544 κατηγορεῖν
598 1453 937 1521 δύνασθαι
994 1457 1107 1521 καὶ
1168 1456 1327 1578 περὶ
1381 1458 1517 1521 τιῦν
1576 1453 1796 1538 νόμων
1849 1454 2307 1538 διαλέγεσθαι.

169 1558 406 1641 μαλλον
439 1549 574 1624 δὲ(
548 1550 675 1641 όρα
705 1555 804 1639 σύ,
850 1582 905 1621 ω
938 1557 1172 1644 πάτερ,
1205 1583 1281 1624 το
1317 1556 1779 1642 παράδειγμα·
1810 1560 2114 1624 τοιοῦτον
2145 1581 2308 1621 οντα

171 1683 235 1726 σε
273 1654 441 1747 παρ>
498 1653 724 1745 ολίγον
770 1659 884 1726 οία
929 1662 1040 1726 νῦν
1084 1655 1125 1748 ἡ
1170 1658 1327 1749 γυνή
1385 1659 1556 1740 ἐστι,
1616 1658 1791 1744 πρὸς
1848 1657 1966 1747 τὴν
2025 1652 2307 1743 ἀρχαίαν

171 1762 479 1851 φρόνησιν
529 1761 965 1851 ἐπανήγαγον.
1056 1756 1132 1828 οὑ
1181 1761 1258 1850 δὴ
1321 1762 1612 1842 δίκαιον,
1670 1761 1984 1850 τοιαύτην
2039 1787 2158 1845 μοι
2198 1785 2308 1847 γε·-

172 1869 397 1933 νέσθαι
443 1859 599 1931 ἀντ’
651 1863 915 1931 ἐκείνων
960 1863 1079 1950 τὴν
1125 1857 1414 1953 ἀμοιβὴν
1461 1858 1613 1932 οὐδὲ
1656 1858 1805 1931 κατ’
1860 1863 2019 1949 ἐμοῦ
2064 1888 2139 1930 σε
2181 1863 2307 1948 μό-

93 1989 269 2039 172νου
314 1980 722 2056 σωφρονεῖν·
769 1959 876 2033 ὅτι
919 1964 1044 2054 γὰρ
1088 1967 1178 2056 μὴ
1222 1966 1424 2053 μικρὰ
1471 1961 1592 2033 ὑπ’
1652 1966 1812 2051 ἐμοῦ
1857 1961 2305 2055 εὐηργέτησαι,

170 2071 267 2135 καὶ
310 2064 435 2135 ἀπ’
491 2062 717 2136 αὑτῶν
761 2062 852 2135 ὧν
897 2068 1193 2155 ἐγκαλεῖς
1239 2068 1440 2155 δῆλόν
1500 2068 1712 2136 ἐστιν·
1772 2068 1849 2136 ὃν
1908 2067 2031 2155 γὰρ
2088 2064 2181 2146 ώς
2239 2068 2307 2134 ἐν

174 2169 458 2255 ἐσχάτοις
529 2158 736 2238 οὖσαν
803 2169 921 2259 τὴν
985 2184 1259 2257 γυναῖκα
1320 2174 1432 2238 καὶ
1498 2171 1964 2260 παμπονήρως
2030 2170 2307 2254 ἔχουσαν

174 2267 272 2340 οὑκ
314 2274 600 2360 ἰώμενον
644 2288 897 2358 μισεῖς,
958 2278 1105 2352 πῶς
1163 2269 1239 2341 οὗ
1297 2273 1472 2341 πολὺ
1526 2277 1814 2359 μᾶλλον,
1873 2268 1980 2342 ὅτι
2040 2297 2114 2339 σε
2172 2275 2306 2338 τῶν

173 2371 405 2458 ὁμοίων
453 2371 847 2464 ἀπήλλαξα,
907 2372 1349 2466 ὑπεραγαπᾷς
1391 2381 1505 2446 καὶ
1542 2378 1737 2463 χάριν
1783 2374 2130 2463 ὁμολογεῖς
2172 2378 2305 2442 τῶν

176 2470 328 2545 οὕτω
372 2481 614 2547 δεινῶν
672 2473 1214 2569 ἀπηλλαγμένος,·
1273 2478 1352 2546 σὺ
1413 2481 1515 2557 δέ,
1573 2473 1742 2565 ὅπερ
1803 2473 2306 2565 ἀγνωμονέστα-

172 2605 300 2663 τον,
366 2581 814 2670 σωφρονήσας
872 2575 1077 2660 &wag
1146 2581 1212 2661 ἐς
1280 2582 1706 2669 δικαστήριον
1774 2579 1954 2669 ἄγεις
2014 2585 2126 2649 καὶ
2194 2603 2305 2647 σε·

175 2689 494 2767 σωσμένος
543 2683 838 2764 κολάζεις
881 2687 994 2750 καὶ
1039 2682 1155 2750 ἐπὶ
1201 2683 1274 2751 τὸ
1328 2678 1601 2772 ἀρχαῖον
1650 2683 1855 2752 ἐκεῖνο
1900 2697 2097 2767 μῖσος
2144 2676 2305 2749 ἀνα-

174 2789 399 2906 τρέχεις
442 2788 557 2852 καὶ
603 2784 720 2852 τὸν
782 2779 982 2852 αὑτὸν
1042 2778 1522 2872 ἀναγινώσκεις
1578 2785 1802 2870 νόμον.
1890 2786 2089 2852 καλὸν
2148 2789 2306 2872 γοῦν

172 2884 271 2952 τὸν
310 2887 570 2971 μισθὸν
618 2881 964 2965 ἀποδίδως
1014 2891 1097 2975 τῇ
1155 2892 1343 2975 τέχνη
1404 2891 1513 2957 καὶ
1573 2882 1766 2967 ἀξίας
1828 2882 2119 2973 ἀμοιβὰς
2172 2891 2304 2954 τῶν

174 2990 524 3107 φαρμάκων
572 2988 687 3057 επὶ
731 2988 847 3058 τὸν
893 2990 1126 3079 ἰατρὸν
1171 2988 1484 3078 ὑγιαίνων
1527 2991 1753 3075 μόνον.
1851 2999 1946 3058 15.
1995 2987 2181 3074 ὑμεῖς
2213 2993 2304 3078 δέ,
2334 3008 2405 3066 15

174 3115 217 3154 ω
258 3087 484 3179 άνδρες
548 3092 889 3175 δικασταί,
946 3091 1066 3160 τὸν
1125 3086 1463 3182 ευεργέτην
1520 3093 1736 3181 τούτῳ
1792 3095 2092 3175 κολάζειν
2152 3095 2304 3163 ἐπι-

173 3198 432 3279 τρέψετε
489 3197 601 3262 καὶ
659 3193 776 3261 τὸν
832 3194 1145 3263 σώσαντα
1202 3195 1570 3275 ἐξελαύνειν
1625 3199 1737 3262 καὶ
1795 3195 1911 3263 τὸν
1969 3204 2305 3285 σωφρονί-

179 3315 363 3362 σαντα
406 3311 631 3381 μισεῖν
673 3300 782 3364 καὶ
828 3296 945 3364 τὸν
992 3291 1464 3387 ἀναστήσαντα
1507 3305 1999 3385 τιμωρεῖσθαι,·
2044 3326 2178 3381 ουκ,
2226 3296 2304 3422 ήν

174 3421 233 3480 γε
269 3397 347 3464 τὰ
402 3400 631 3467 δίκαια
675 3403 936 3485 ποιῆτε.
1024 3402 1134 3467 καὶ
1180 3399 1304 3487 γὰρ
1337 3400 1399 3468 εἰ
1429 3399 1511 3467 τὰ
1542 3405 1824 3487 μέγιστα
1856 3405 1967 3468 νῦν
2000 3398 2303 3490 ἁμαρτά-

178 3523 285 3565 νων
332 3500 706 3588 ετύγχανον,
763 3488 841 3588 ἦν
886 3509 1006 3587 μοί
1048 3528 1152 3581 τις
1204 3500 1279 3570 οὗ
1337 3503 1577 3629 μικρὰ
1600 3506 2134 3593 προοφειλομένη
2178 3505 2301 3589 χά-

177 3624 279 3684 ρις,
324 3603 418 3681 εἷς
461 3602 542 3692 ἣν
588 3598 1063 3687 ἀποβλέποντα
1107 3609 1342 3673 τοῦτον
1387 3609 1500 3673 καὶ
1537 3598 1613 3695 ἧς
1642 3611 2055 3694 μεμνημένον
2087 3610 2304 3686 καλῶς

180 3699 291 3786 εἶχε
331 3710 459 3772 τῶν
503 3707 623 3790 μὲν
668 3707 1024 3793 παρόντων
1069 3722 1545 3796 καταφρονεῖν,
1603 3701 1698 3776 δι’
1752 3707 1966 3777 ἐκεῖνα
2012 3711 2084 3778 δὲ
2128 3710 2300 3795 πρό-

176 3829 370 3893 χειρον
430 3806 547 3895 τὴν
606 3810 984 3900 συγγνώμην
1045 3810 1240 3894 ἔχειν,
1309 3814 1421 3879 καὶ
1476 3810 1770 3895 μάλιστα
1829 3811 1889 3878 εἰ
1944 3811 2296 3899 τηλικαύτη

180 3931 265 3983 τις
303 3904 339 3996 ἦ
388 3902 723 3997 εὗεργεσία
766 3912 1091 3999 τυγχάνοι,
1146 3909 1238 3991 ὥς
1282 3912 1508 3979 πάντα
1551 3908 1956 4000 ὑπερπαίειν
2000 3912 2082 3979 τὰ
2128 3911 2297 3996 μετὰ

181 4013 383 4077 ταῦτα.
467 4006 637 4101 ὅπερ
684 4010 872 4099 οἶμαι
917 4009 1117 4099 κάμοὶ
1164 4013 1338 4104 πρὸς
1366 4017 1602 4082 τοῦτον
1632 4010 1973 4100 ὑπάρχειν,
2022 4013 2096 4080 ὃν
2128 4015 2297 4082 ἔσω-

1918 4115 1992 4167 6*
