2800 4500
686 251 1119 304 ΑΛΕΞΑΝΔΡΟΣ
1155 252 1196 303 H
1231 250 1728 304 ΨΕΥΔΟΜΑΝΤΙΣ.
2162 251 2241 309 12
2247 248 2284 308 3

157 421 347 504 βλίον.
434 413 509 486 ού
558 419 683 507 γὰρ
729 420 910 487 λύειν
957 420 1540 505 παρακινδυνεύων
1585 419 1661 486 τὸ
1722 419 2021 487 ἐπελθὸν
2068 415 2286 499 ἄλλως

163 521 499 608 ἐπέγραψε,
542 535 864 611 χρησμοῖς
892 528 1159 608 πρέπον
1188 524 1299 588 καὶ
1344 521 1420 589 τὸ
1470 526 1774 589 τοιοῦτον
1819 521 2142 606 οἰόμενος,
2172 526 2284 591 καὶ

157 609 309 708 ἦσάν
361 649 537 702 τινες
597 624 905 713 ἐξηγηταὶ
962 623 1078 691 ἐπὶ
1135 627 1333 691 τοῦτο
1390 624 1768 711 καθήμενοι
1820 627 1933 692 καὶ
1989 625 2284 708 μισθοὺς

157 720 256 792 οὐκ
294 719 556 813 ὀλίγους
602 726 971 814 ἐκλέγοντες
1007 725 1196 812 παρὰ
1227 731 1360 794 τῶν
1390 726 1548 805 τοὺς
1576 722 1924 806 τοιούτους
1946 728 2285 815 χρησμοὺς

157 829 603 914 λαμβανόντων
648 830 766 897 ἐπὶ
821 834 904 918 τῇ
956 830 1260 919 ἐξηγήσει
1315 833 1429 896 καὶ
1488 830 1788 897 διαλύσει
1847 824 2083 898 αυτῶν.
2172 833 2284 897 καὶ

153 936 325 998 τοῦτο
371 931 555 1019 αύτῳ
596 932 674 1000 τὸ
723 931 912 1019 ε’ργον
956 929 1352 1016 υπόμισθον
1395 917 1508 1022 ἦν·
1559 930 1821 1000 ἐτέλουν
1864 931 1989 1019 γὰρ
2038 933 2103 999 οἶ
2135 932 2282 1021 ἐξη-

153 1037 322 1121 γηταὶ
349 1038 446 1120 τῷ
465 1028 890 1122 Αλεξάνδρῳ
931 1031 1262 1102 τάλαντον
1282 1029 1650 1102 Αττικὸν(
1626 1034 1918 1113 ἕκαστος.
2009 1041 2111 1103 50.
2144 1033 2387 1103 ἑνί-50

155 1161 248 1202 οτε
289 1137 357 1203 δὲ
399 1137 569 1221 μήτε
613 1137 928 1222 ἐρομένου
971 1136 1156 1215 τινὸς
1200 1137 1367 1223 μήτε
1412 1142 1885 1225 πεμφθέντος,
1935 1130 2085 1203 ἀλλ’
2138 1130 2276 1204 ουδ’

155 1231 304 1315 ὅλως
344 1234 539 1317 ὄντος
585 1238 995 1329 ἐχρησμῴδει
1038 1238 1214 1326 πρὸς
1259 1240 1574 1329 ἔκπληξιν
1608 1242 1741 1305 τῶν
1774 1231 2090 1326 ἀνοήτων,
2139 1238 2283 1307 οἶον

154 1345 249 1408 καὶ
285 1345 512 1408 τοῦτο·

225 1443 449 1524 Δίζεαι
493 1437 685 1523 ὅστις
729 1443 851 1532 σὴν
896 1439 1141 1527 ἄλοχον
1185 1444 1369 1528 μάλα
1414 1443 1633 1530 πάγχυ
1682 1442 1986 1532 λεληθὼς

225 1549 692 1633 Καλλιγένειαν
736 1542 907 1633 υπὲρ
953 1548 1197 1630 λεχέων
1243 1548 1521 1633 σαλαγεῖ
1563 1545 1732 1612 κατὰ
1780 1547 2008 1630 δῶμα,·

227 1649 446 1728 δοῦλος
489 1654 952 1738 Πρωτογένης,
998 1654 1096 1736 τῷ
1141 1648 1219 1739 δὴ
1268 1649 1347 1716 σύ
1390 1674 1467 1736 γε
1510 1648 1736 1716 πάντα
1778 1654 2153 1727 πέποιθας.

230 1747 461 1831 ὤπυιες
504 1752 633 1839 γὰρ
679 1751 945 1833 ἐκεῖνον,
992 1778 1027 1819 ο
1078 1745 1134 1819 δ’
1187 1738 1392 1830 αυθις
1439 1750 1560 1839 σὴν
1606 1751 2026 1837 παράκοιτιν,

90 1856 153 1907 &6
234 1846 563 1922 ἀντίδοσιν
605 1855 853 1942 ταύτην
895 1847 1150 1940 ύβρεως
1196 1848 1447 1941 ἀκαρὴν
1493 1847 1856 1921 ἀποτίνων.

230 1949 351 2021 ἀλλ’
400 1954 517 2023 επὶ
565 1960 674 2024 σοὶ
721 1956 799 2044 δὴ
848 1950 1136 2079 φάρμακ’
1190 1949 1304 2023 ἀπ’
1359 1949 1579 2022 αυτιῦν
1625 1954 1829 2040 λυγρὰ
1871 1959 2196 2037 τέτυκται,

229 2083 310 2135 ως
349 2054 493 2147 μήτ’
549 2059 837 2136 εἰσαΐοις
879 2052 1026 2144 μήτ’
1080 2057 1493 2144 εἰσοράοις
1464 2056 1506 2124 ά
1554 2061 1889 2125 ποιοῦσιν.

232 2157 512 2247 εὑρήσεις
557 2161 632 2227 δὲ
675 2161 856 2228 κάτω
899 2156 1034 2228 υπὸ
1086 2165 1183 2249 σῷ
1229 2163 1403 2244 λέχει
1459 2154 1708 2246 ἀγχόθι
1749 2166 1973 2242 τοίχου
2090 2183 2099 2192 ·

229 2262 385 2348 πρὸς
427 2266 756 2353 κεφαλῆς·
802 2267 914 2331 καὶ
962 2262 1043 2352 σὴ
1089 2263 1486 2349 θεράπαινα
1531 2263 1796 2330 σύνοιδε
1839 2261 2166 2348 Καλυψώ.

163 2370 245 2442 τίς
283 2360 388 2432 οὐκ
434 2357 515 2434 ἀν
563 2366 988 2455 Δημόκριτος
1034 2365 1445 2454 διεταράχθη
1494 2359 1782 2442 ἀκούσας
1825 2359 2125 2448 ὀνόματα
2167 2368 2279 2430 καὶ

161 2467 376 2546 τόπους
419 2463 742 2554 ἀκριβῶς,
804 2466 950 2536 εἶτα
993 2462 1131 2553 μετ’
1198 2463 1424 2555 ὀλίγον
1468 2473 1878 2535 κατέπτυσεν
1925 2457 2006 2533 ἀν
2065 2469 2281 2545 συνεὶς

162 2566 257 2654 τὴν
296 2570 596 2640 ἐπίνοιαν
642 2566 861 2638 αὐτῶν
873 2601 896 2654 ‚-

303 2681 394 2741 51.
432 2670 645 2741 Ἀλλὰ
693 2676 804 2741 καὶ
847 2673 1219 2761 βαρβάροις
1263 2668 1592 2751 πολλάκις
1637 2672 1923 2761 ἔχρησεν,
1972 2672 2038 2739 εἰ’
2069 2696 2170 2749 τις
2197 2675 2279 2761 τῇ
2310 2684 2380 2740 51

163 2783 391 2864 πατρίῳ
436 2778 660 2864 ἔροιτο
705 2781 894 2865 φωνῇ
924 2780 1198 2863 Συριστὶ
1246 2765 1652 2865 ἢΚελτιστί,
1699 2770 1774 2842 ού
1822 2775 2072 2864 ῥᾳδίως
2101 2769 2280 2855 ἐξευ-

164 2883 371 2958 ρίσκων
410 2879 602 2958 τινὰς
647 2873 1144 2966 ἐπιδημοῦντας
1174 2874 1533 2962 ὁμοεθνεῖς
1561 2892 1705 2957 τοῖς
1736 2878 2076 2945 δεδωκόσι.
2167 2878 2279 2946 διὰ

164 2983 326 3047 τοῦτο
366 2986 473 3050 καὶ
520 2981 737 3060 πολὺς
782 2978 816 3049 o‘
868 2978 942 3048 ἐν
987 2986 1171 3069 μέσῳ
1214 2981 1450 3066 χρόνος
1493 2969 1572 3069 ἦν
1617 2984 1735 3070 τῆς
1762 3005 1837 3047 τε
1868 2980 2119 3058 δόσεως
2148 2985 2279 3046 τῶν

165 3085 405 3164 βιβλίων
446 3088 558 3152 καὶ
603 3086 724 3169 τῆς
763 3084 1221 3171 χρησμῳδίας,
1283 3079 1373 3160 ὡς
1418 3077 1492 3148 ἐν
1544 3082 1842 3169 τοσούτῳ
1899 3079 2065 3147 κατὰ
2125 3104 2278 3163 σχο-

168 3181 261 3271 λὴν
301 3186 554 3254 λύοιντό
599 3211 675 3252 τε
720 3187 787 3253 οἱ
840 3187 1126 3274 χρησμοὶ
1192 3179 1516 3274 ἀσφαλῶς
1571 3188 1681 3252 καὶ
1741 3180 2151 3269 εὑρίσκοιντο
2212 3185 2278 3250 οἱ

99 3293 153 3345 23¹1
169 3281 523 3373 ἑρμηνεῦσαι
570 3288 926 3373 δυνάμενοι
970 3287 1247 3369 ἕκαστα,
1309 3287 1452 3366 οἷος
1493 3290 1606 3354 καὶ
1651 3283 1686 3354 ὃ
1747 3291 1844 3371 τῷ
1887 3281 2115 3373 Σκύθῃ
2163 3286 2277 3353 δο-

170 3391 291 3466 θεὶς
327 3390 615 3480 χρησμὸς
656 3377 769 3479 ἦν·

236 3493 503 3581 Μόρφευ
546 3493 914 3580 βάργουλος
960 3493 1395 3578 ἷσχνίαγχνεχι
1439 3491 1695 3576 ψιδάος
1741 3493 1829 3558 δε.
1866 3495 1953 3575 (ΓΗ

309 3600 399 3663 52.
427 3592 694 3674 Ἄλλως
738 3594 946 3661 πάλιν
991 3591 1144 3661 οὔτε
1188 3594 1479 3679 παρόντι
1522 3597 1653 3661 τινὶ
1713 3590 1865 3660 οὔτε
1908 3588 2080 3673 ὅλως
2124 3590 2269 3661 ὄντι
2299 3601 2375 3657 52

170 3690 272 3781 ’ἐφη
313 3693 454 3765 ἄνευ
498 3704 763 3783 μέτρου,
810 3691 1252 3785 ἀναστρέφειν
1298 3690 1559 3763 ὀπίσω·
1618 3692 1653 3764 ὃ
1701 3695 1825 3783 γὰρ
1870 3702 2155 3782 πέμψας
2200 3720 2274 3762 σε

170 3800 441 3885 τέθνηκεν
494 3797 630 3868 ὖπὸ
691 3803 809 3867 τοῦ
864 3808 1157 3885 γείτονος
1213 3801 1576 3877 Διοκλέους
1633 3798 1945 3887 τήμερον,
2014 3800 2271 3885 λῃστῶν

175 3891 555 3982 ἐπαχθέντων
600 3903 887 3989 Μάγνου
943 3905 1053 3970 καὶ
1098 3905 1387 3989 Κέλερος
1442 3904 1551 3967 καὶ
1602 3901 1978 3985 Βουβάλου,
2040 3903 2106 3966 οἳ
2159 3902 2269 3965 καὶ

172 3991 269 4088 ἤδη
310 4004 592 4075 δέδενται
639 4008 1033 4094 ληφθέντες.
