2800 4500
481 244 511 299 1
522 242 601 301 26
1361 245 1735 300 ΔΟΥΚΙΑΝΟΥ

483 417 614 481 λῶν
660 407 760 502 ἐφ’
813 407 983 501 ὅπερ
1026 410 1203 503 ἡμᾶς
1245 408 1595 502 άνειλήφει
1623 418 1734 482 καὶ
1765 412 1849 480 τὰ
1879 411 2014 481 ὑπὸ
2048 418 2167 482 τοῦ
2190 408 2622 503 Ἀλεξάνδρου

375 525 445 581 57
478 521 1042 603 προστεταγμένα.
1133 523 1235 583 57.
1278 523 1737 602 καταθέμενος
1794 518 1866 584 δὲ
1913 513 2088 605 ἡμᾶς
2133 517 2202 584 ἐν
2244 517 2620 603 Αἰγιαλοῖς,

479 613 573 685 ῶν
622 622 734 685 καὶ
791 615 826 686 5
885 618 1089 696 καλὸς
1130 611 1436 706 ’Όμηρος
1498 625 1861 708 μέμνηται,
1930 614 2158 687 ὀπίσω
2227 613 2619 709 ἀπήλαυνεν.
2732 627 2733 652 ³

478 721 650 790 ἔνθα
737 719 862 807 ἐγώ
949 723 1476 806 παραπλέοντας
1563 718 1770 808 εύρῶν
1843 721 2356 809 Βοσποριανούς
2439 747 2622 800 τινας

475 829 792 909 πρέσβεις
836 817 991 909 παρ’
1045 817 1440 910 Εὐπάτορος
1482 828 1603 891 τοῦ
1642 826 1977 908 βασιλέως
2020 824 2088 903 ἐς
2128 824 2248 913 τὴν
2292 830 2621 892 Βιθυνίαν

479 922 811 1005 ἀπιόντας
854 925 970 993 ἐπὶ
1013 927 1257 1012 κομιδῇ
1300 930 1420 1012 τῆς
1465 925 1768 993 ἐπετείου
1816 927 2188 1006 συντάξεως
2243 930 2355 994 καὶ
2402 928 2620 1017 διηγη-

479 1030 763 1114 σάμενος
809 1023 1037 1108 αὐτοῖς
1077 1027 1195 1096 τὸν
1239 1029 1652 1115 περιστάντα
1698 1026 1870 1115 ἡμᾶς
1911 1030 2214 1098 κίνδυνον
2249 1034 2363 1098 καὶ
2395 1030 2619 1109 δεξιῶν

479 1126 692 1198 αὐτῶν
722 1129 933 1214 τυχῶν
964 1125 1388 1220 ἀναληφθεὶς
1433 1132 1549 1198 ἐπὶ
1578 1131 1656 1199 τὸ
1690 1133 1932 1199 πλοῖον
1966 1132 2384 1216 διασώζομαι
2414 1132 2486 1211 ἐς
2513 1132 2622 1218 τὴν
2736 1135 2737 1178 ¹

461 1230 841 1319 ’Ἀμαστριν
885 1232 1072 1318 παρὰ
1117 1236 1439 1300 τοσοῦτον
1486 1231 1707 1300 ἐλθών
1741 1227 2141 1302 ἀποθανεῖν.
2228 1228 2621 1301 τούντεῦθεν

475 1339 588 1403 καὶ
635 1329 834 1412 αὐτὸς
878 1334 1421 1423 ἐπεκορυσσόμην
1467 1329 1647 1421 αύτῷ
1690 1338 1805 1402 καὶ
1846 1335 2075 1402 πάντα
2116 1336 2337 1403 κάλων
2375 1335 2620 1404 ἐκίνουν

479 1434 871 1522 ἀμύνασθαι
910 1436 1349 1522 βουλόμενος,
1408 1440 1520 1504 καὶ
1565 1437 1699 1523 πρὸ
1746 1441 1866 1528 τῆς
1911 1438 2274 1526 ἐπιβουλῆς
2329 1434 2458 1529 ἤδη
2520 1466 2622 1522 μι-

478 1547 615 1610 σῶν
659 1536 862 1608 αὗτὸν
906 1543 1014 1607 καὶ
1063 1539 1379 1621 ἔχθιστον
1434 1536 1797 1629 ἡγούμενος
1850 1540 1963 1608 διὰ
2020 1540 2140 1629 τὴν
2196 1545 2343 1608 τοῦ·
2369 1541 2620 1628 τρόπου

473 1652 782 1730 μιαρίαν,
856 1645 966 1708 καὶ
1043 1640 1216 1728 πρὸς
1281 1641 1402 1732 τὴν
1466 1648 1868 1731 κατηγορίαν
1935 1639 2270 1732 ῶρμώμην
2335 1641 2621 1720 πολλοὺς

478 1743 971 1832 συναγωνιστὰς
1026 1743 1190 1826 ἔχων
1247 1746 1362 1810 καὶ
1412 1744 1708 1828 μάλιστα
1761 1743 1919 1822 τοῦς
1975 1739 2114 1812 άπὸ
2169 1745 2689 1832 Τιμοκράτους262
2740 1789 2741 1798 ¹

475 1852 593 1915 τοῦ
631 1841 1085 1934 Ἡρακλεώτου
1131 1844 1548 1933 φιλοσόφου·
1612 1838 1759 1910 ἀλλ’
1812 1841 1847 1912 5
1895 1845 2049 1913 τότε
2104 1842 2472 1936 ἡγούμενος
2515 1850 2621 1932 τῆς

475 1955 811 2027 Βιθυνίας
850 1950 965 2014 καὶ
1008 1950 1126 2013 τοῦ
1171 1947 1439 2014 Πόντου
1473 1943 1771 2025 Αὔειτος
1816 1947 2053 2031 ἐπέσχε
2095 1952 2451 2032 μονονουχὶ
2502 1951 2621 2015 ἱκε-

473 2053 683 2119 τεύων
725 2053 834 2117 καὶ
882 2045 1248 2133 ἀντιβολῶν
1291 2049 1735 2116 παύσασθαι·
1784 2049 1897 2117 διὰ
1940 2049 2066 2137 γὰρ
2100 2049 2223 2139 τὴν
2250 2050 2427 2136 πρὸς
2455 2047 2620 2119 Ῥου-

473 2152 773 2223 τιλιανὸν
820 2178 1081 2220 ευνοιαν
1132 2153 1221 2240 μὴ
1282 2177 1363 2217 αν
1421 2151 1793 2233 δύνασθαι,
1850 2156 1963 2220 καὶ
2020 2152 2080 2219 εἰ
2140 2158 2451 2242 φανερῶς
2511 2153 2620 2218 λά·-

470 2265 586 2343 βοι
631 2251 1017 2338 ἀδικοῦντα,
1076 2254 1364 2322 κολάσαι
1409 2249 1632 2322 αὐτόν.
1724 2249 1896 2322 ούτω
1939 2257 2060 2340 μὲν
2119 2250 2457 2344 ἀνεκόπην
2512 2261 2620 2343 τῆς

473 2358 682 2447 ὁρμῆς
738 2364 852 2428 καὶ
908 2357 1304 2445 ἐπαυσάμην
1365 2356 1435 2424 ἐν
1502 2359 1752 2440 δέοντι,
1823 2352 1898 2425 οὗ
1957 2359 2466 2446 θρασυνόμενος
2522 2354 2613 2447 ἐφ’

474 2458 645 2531 ου’τω
692 2465 1107 2545 διακειμένου
1154 2461 1489 2529 δικαστοῦ.
1522 2464 1600 2542 (P)

370 2578 444 2632 58
649 2571 749 2633 58.
789 2560 1027 2632 Ἐκεῖνο
1074 2564 1146 2629 δὲ
1191 2567 1340 2641 πῶς
1384 2589 1461 2629 ου
1505 2568 1675 2649 μέγα
1728 2561 1797 2630 ἐν
1849 2577 1994 2642 τοῖς
2051 2559 2281 2642 άλλοις
2334 2563 2412 2632 τὸ
2475 2564 2620 2632 τόλ-

471 2696 659 2758 μημα
702 2672 822 2735 τοῦ
857 2661 1320 2751 Ἀλεξάνδρου,
1374 2663 1452 2732 τὸ
1502 2664 1776 2755 αἰτῆσαι
1818 2665 2008 2751 παρὰ
2053 2670 2174 2733 τοῦ
2219 2660 2618 2754 αὐτοκράτο-

473 2797 588 2858 ρος
632 2771 1227 2856 μετονομασθῆναι
1256 2765 1332 2834 τὸ
1372 2771 1493 2834 τοῦ
1514 2760 1816 2852 Ἀβώνου
1860 2782 2074 2851 τεῖχος
2102 2771 2214 2835 καὶ
2238 2763 2619 2836 Ἰωνόπολιν

470 2876 805 2961 κληθῆναι
858 2873 972 2937 καὶ
1026 2868 1316 2954 νόμισμα
1376 2868 1603 2937 καινόν
1659 2869 1878 2957 κόψαι
1933 2869 2488 2957 ἐγκεχαραγμένον
2545 2873 2619 2957 τῇ

471 2976 592 3060 μὲν
650 2977 771 3040 τοῦ
828 2971 1205 3052 Γλύκωνος,
1266 2969 1436 3037 κατὰ
1492 2970 1785 3058 θάτερα.
1814 2972 1886 3038 δὲ
1926 2972 2364 3058 Ἀλεξάνδρου
2425 2977 2618 3056 στέμ-

470 3076 650 3162 ματά
696 3100 768 3141 τε
811 3079 931 3142 τοῦ
973 3074 1272 3140 πάππου
1309 3068 1726 3161 Ἀσκληπιοῦ
1768 3077 1880 3140 καὶ
1921 3073 2041 3160 τὴν
2101 3068 2326 3162 ἅρπην
2371 3073 2616 3162 ἐκείνην

367 3198 443 3252 59
472 3183 592 3246 τοῦ
652 3176 1161 3266 πατρομήτορος
1226 3181 1543 3264 Περσέως
1609 3175 1906 3259 ἕχοντοςς
1973 3181 2073 3243 59.
2129 3177 2487 3263 προειπών
2552 3176 2693 3241 δὲῖδθ

471 3282 583 3350 διὰ
624 3283 924 3369 χρησμοῦ
966 3281 1126 3365 περὶ
1184 3276 1424 3345 ἑαυτοῦ
1481 3278 1590 3345 ὅτι
1647 3278 1842 3367 ζῆσαι
1900 3279 2213 3366 εἵμαρται
2270 3273 2453 3365 αύτῷ
2509 3276 2613 3363 ἐτη

469 3383 882 3473 πεντήκοντα
924 3385 1035 3449 καὶ
1081 3380 1314 3448 ἑκατόν
1334 3432 1352 3462 ,
1414 3377 1559 3448 εἶτα
1602 3385 1897 3468 κεραυνῷ
1953 3381 2293 3470 βληθέντα
2341 3374 2613 3448 ἀποθα-

469 3500 636 3566 νεῖν,
691 3485 1002 3569 οἰκτίστῳ
1046 3485 1223 3549 τέλει
1270 3476 1422 3550 οὐδὲ
1468 3477 1919 3572 ἐβδομήκοντα
1963 3483 2075 3571 ἔτη
2119 3482 2406 3569 γεγονώς
2450 3478 2615 3549 ἀπέ-

468 3594 678 3655 θανεν
738 3585 829 3663 ὡς
885 3584 1334 3671 Ποδαλειρίου
1391 3584 1538 3664 υἱὸς
1598 3586 1960 3663 διασαπεὶς
2015 3584 2131 3654 τὸν
2189 3585 2375 3652 πόδα
2431 3590 2614 3670 μέχρι

466 3691 808 3774 βουβῶνος
853 3690 962 3754 καὶ
1009 3687 1359 3773 σκωλήκων
1408 3687 1630 3769 ζέσας,
1690 3681 1932 3772 ὅτεπερ
1976 3691 2089 3756 καὶ
2135 3687 2350 3776 ἐφάνη
2399 3688 2612 3776 φαλα-

466 3791 626 3879 κρὸς
655 3780 747 3856 ῶν
776 3795 1085 3877 παρέχων
1116 3803 1260 3868 τοῖς
1292 3789 1549 3875 ἰατροῖς
1594 3790 1970 3875 ἐπιβρέχειν
2017 3791 2218 3856 αὐτοῦ
2261 3788 2382 3879 τὴν
2410 3814 2612 3877 κεφα-

470 3892 588 3982 λὴν
635 3890 749 3958 διὰ
794 3890 913 3980 τὴν
957 3886 1219 3979 ὀδύνην,
1266 3889 1302 3958 ὃ
1352 3885 1468 3957 οῦκ
1514 3882 1594 3957 ἂν
1639 3895 1927 3977 ποιῆσαι
1974 3888 2285 3958 ἐδύναντο
2332 3890 2420 3977 μὴ
2469 3884 2606 3971 οὐχὶ

465 3999 585 4084 τῆς
630 3988 916 4081 φενάκης
963 3988 1411 4081 ἀφῃρημένης·
