2800 4500
456 265 578 325 318

1188 262 1568 316 ADNOTATlo
1605 261 1875 317 cm‘rch.

497 460 547 502 c.
575 444 631 501 9.
663 434 837 519 παρὰ
895 443 1116 517 Κῦρον
1171 433 1289 500 τὸν
1332 440 1583 519 Πέρσην
1639 434 1756 501 τὸν
1812 434 2133 519 πρότερον
2174 434 2195 522 Ι
2252 435 2393 518 [τὸν
2454 435 2607 520 πρό·

661 540 872 620 τερον]
915 538 1077 599 det.

453 661 500 704 c.
536 648 628 704 10.
661 636 856 717 οὗτος
910 637 993 721 δὴ
1050 636 1605 721 μεταστησάμενος
1660 636 1680 722 ss
1736 644 1802 704 δὲ
1846 641 2013 703 det.
2067 675 2148 686 -
2205 642 2334 704 ἐπὶ
2391 636 2604 705 πολὺν

656 739 903 824 χρόνον
958 739 978 826 fl
1033 743 1146 805 del.
1217 743 1343 806 ἐπὶ
1399 742 1566 803 det.
1627 743 1877 803 Luciani
1946 749 2037 804 est
2100 748 2201 804 ant
2259 746 2362 807 ἐπὶ
2429 740 2602 807 πολὺ

663 849 765 905 aut
799 842 1011 908 πολὺν
1047 842 1297 925 χρόνον
1342 847 1558 905 omissa
1607 847 2064 921 praepositione.
2141 845 2231 908 cf.
2278 865 2327 908 c.
2378 851 2456 909 25
2503 844 2604 906 ubi

664 944 798 1018 ‚9521
829 949 989 1009 Mut.
1036 947 1258 1007 habent
1300 940 1513 1010 πολὺν
1558 945 1674 1028 ἤδη
1706 943 1951 1028 χρόνον
1982 950 2200 1025 Menip.
2234 967 2283 1010 c.
2324 957 2348 1010 1
2389 950 2603 1016 πολὺν

659 1048 779 1131 γὰρ
804 1045 1052 1130 χρόνον
1083 1047 1161 1113 ου’
1203 1052 1492 1130 πέφηνας
1533 1050 1745 1110 Timon
1790 1068 1839 1111 c.
1876 1055 1911 1111 9
1956 1049 2170 1115 πολὺν
2210 1048 2328 1133 ἤδη
2352 1052 2603 1135 χρόνον

660 1151 811 1216 οὐδὲ
840 1150 1171 1230 ἀπέβλεψα
1214 1152 1279 1228 ἐς
1307 1176 1358 1216 τ.
1393 1148 1687 1233 Ἀττικήν.
1754 1152 1973 1214 Contra
2002 1155 2102 1217 ἐπὶ
2134 1151 2307 1218 πολὺ
2336 1156 2407 1217 V.
2436 1157 2513 1218 H.
2543 1158 2605 1217 Π

660 1273 711 1314 c.
747 1259 844 1316 36.
919 1255 1080 1314 Dial.
1109 1254 1349 1314 deorum
1378 1254 1463 1313 VI
1494 1258 1550 1316 2.
1607 1254 1784 1330 Apol.
1820 1260 1855 1316 5
1886 1256 2106 1333 Navig.
2153 1274 2201 1318 c.
2237 1261 2274 1316 4
2306 1257 2381 1318 de
2412 1263 2603 1320 morte

655 1358 902 1434 Peregr.
947 1374 999 1416 c.
1050 1361 1102 1417 7.
1150 1360 1249 1418 43.

448 1477 501 1518 c.
533 1465 627 1519 11.
660 1456 854 1539 αὕτη
899 1462 1016 1534 μὲν
1061 1453 1183 1522 οὖν
1214 1455 1252 1537 ἢ
1287 1453 1477 1533 πόλις
1518 1453 1538 1537 Η
1583 1455 1777 1539 αὐτὴ
1819 1452 1871 1516 Γ
1915 1459 2055 1521 Ddf.
2104 1494 2184 1504 —
2228 1458 2476 1542 λουτρὰ
2521 1464 2603 1524 δέ

660 1563 887 1624 ἐστιν
948 1562 1025 1624 ἐν
1084 1559 1371 1635 αὐτοῖς
1414 1556 1434 1641 ΙΙ
1478 1558 1542 1624 δ’
1601 1558 1907 1639 αὐτοῖς,
1966 1561 2165 1641 81)(11.,
2212 1580 2324 1622 om.
2378 1563 2600 1627 ἐστιν

656 1663 733 1726 έν
776 1663 837 1733 521
878 1664 1045 1724 Mut.

444 1784 494 1827 c.
528 1769 620 1827 12.
652 1763 992 1843 ἀναφεῖς
1033 1760 1053 1848 fl
1096 1769 1527 1843 διαφανεῖς
1582 1765 1789 1826 Rohde
1837 1799 1915 1811 --
1960 1762 2281 1847 μορφὴν
2338 1770 2417 1830 δὲ
2463 1774 2600 1831 καὶ

438 2912 487 2954 c.
519 2896 612 2954 15.

437 3014 488 3056 c.
521 3000 613 3056 17.

437 3933 486 3974 c.
519 3919 611 3974 18.

658 1870 875 1932 ἰδέαν
918 1865 1169 1949 μόνην
1216 1868 1491 1946 ἔχουσι
1533 1874 1664 1931 καὶ
1710 1866 2600 1953 ἐμφαίνουσιΙμορφῆς

656 1976 732 2035 δὲ
792 1974 1012 2035 ἰδέαν
1067 1966 1331 2051 μόνην
1390 1971 1878 2048 ἐμφαίνουσι
1922 1971 2085 2032 det.
2131 1973 2167 2032 i.
2216 1990 2266 2032 e.
2326 1974 2598 2049 corporis

651 2078 876 2134 tantum
917 2074 1112 2134 ideam
1157 2074 1492 2134 ostendunt.
1566 2073 1779 2152 ἔχουσι
1823 2079 1931 2137 καὶ
1976 2092 2088 2135 om.
2123 2075 2183 2133 in
2214 2073 2265 2136 Ἃ
2295 2077 2460 2134 Mut.
2509 2109 2599 2119 —

652 2180 768 2239 εἰσὶ
811 2172 931 2259 γὰρ
977 2171 1190 2258 ὥσπερ
1236 2181 1407 2238 σκιαὶ
1453 2173 1696 2258 ὀρθαὶ
1742 2174 1824 2240 οὐ
1866 2174 2156 2254 μέλαιναι
2221 2172 2240 2259 ΙΙ
2307 2173 2590 2259 ὡραῖοι.

648 2280 828 2340 Nullo
900 2280 1072 2340 modo
1136 2280 1248 2339 sibi
1318 2282 1539 2356 opponi
1603 2284 1852 2355 possunt
1917 2280 2159 2340 umbrae
2224 2284 2464 2341 erectae
2532 2287 2596 2342 et

647 2384 873 2460 nigrae.
947 2382 1154 2458 Itaque
1194 2381 1411 2442 falsum
1443 2399 1574 2442 esse
1606 2380 1804 2462 ὀρθαί
1847 2386 2030 2462 patet,
2074 2399 2364 2458 perquam
2395 2387 2596 2444 autem

652 2484 893 2545 difficile
930 2480 1247 2561 dispicere,
1294 2483 1437 2559 quid
1466 2484 1860 2544 scribendum.
1949 2484 2147 2545 Solum
2193 2485 2598 2546 adiumentum

652 2605 1004 2663 quamquam
1034 2605 1109 2647 ne
1141 2586 1255 2647 hoc
1286 2586 1524 2661 quidem
1556 2589 1789 2647 omnino
1821 2592 2042 2647 certum
2073 2588 2323 2663 praebet
2353 2586 2498 2649 Ood.
2531 2585 2598 2656 Ἃ

652 2685 950 2769 ὡραῖαι
992 2690 1029 2749 i.
1062 2707 1113 2750 e.
1159 2689 1577 2764 splendentes:
1625 2692 1803 2767 „sunt
1842 2694 2138 2764 tamquam
2185 2690 2430 2751 umbrae
2461 2691 2598 2768 pul-

651 2790 976 2850 chritudine
1006 2790 1410 2868 splendentes,
1453 2809 1572 2851 non
1614 2788 1883 2867 nigrae.“

645 2889 682 2973 ἣ
726 2900 936 2955 πᾶσα
982 2887 1103 2972 ῧλη
1145 2889 1164 2974 ΙΙ
1207 2899 1412 2955 πᾶσα
1455 2889 1492 2973 ἧ
1539 2888 1659 2972 ὕλη
1705 2888 1826 2952 ΩΓ
1870 2895 2012 2953 Mut.
2062 2925 2137 2935 —

645 3002 917 3069 Νουμᾶν
960 2989 980 3074 ΙΙ
1023 3002 1250 3070 Νομᾶν
1292 2995 1347 3054 Α
1380 2991 1590 3062 ῼΉΓ
1622 3029 1707 3039 -
1750 2990 1842 3058 τὰ
1885 2992 2098 3059 πολλὰ
2140 3001 2304 3074 γοῦν
2336 2997 2598 3060 ἐκεῖνον

648 3094 965 3176 δυ’λεγχεν
994 3093 1014 3180 Ι
1041 3093 1272 3176 πολλὰ,
1319 3116 1443 3158 om.
1475 3094 1565 3160 τὰ
1596 3096 1760 3157 det.
1808 3098 2011 3175 ,multa
2043 3114 2187 3156 sane
2219 3114 2352 3157 enm
2383 3097 2595 3157 redar-

645 3197 948 3278 guebant.‘
1004 3200 1188 3259 Recte
1218 3199 1403 3260 Reitz.
1434 3230 1517 3243 -
1545 3194 1824 3262 Πλάτων
1869 3201 1935 3261 δὲ
1976 3194 2179 3273 μόνος
2224 3196 2306 3262 οὐ
2351 3204 2596 3279 παρῆν,

647 3301 802 3367 ἀλλ’
847 3303 1093 3380 ἐλέγετο
1138 3306 1267 3364 καὶ
1312 3298 1508 3377 αι’τὸς
1551 3302 1621 3364 ἐν
1664 3308 1742 3380 τῇ
1785 3297 1967 3363 πόλει
2014 3304 2214 3363 οἰκεῖν
2243 3295 2263 3379 ΙΙ
2289 3300 2409 3360 del.
2453 3306 2600 3363 καὶ

647 3405 810 3466 det.
868 3405 1082 3483 „Plato
1138 3404 1299 3464 solus
1357 3407 1458 3479 (ex
1514 3403 2011 3463 nobilissimorum
2067 3410 2201 3466 τῶν
2257 3397 2599 3483 ἐπισήμων

647 3524 793 3582 quos
861 3507 1093 3566 dixerat
1155 3509 1423 3580 numero)
1468 3524 1583 3566 non
1637 3506 1843 3566 aderat
1897 3505 2004 3565 sed
2061 3506 2223 3566 solus
2281 3504 2603 3564 dicebatur

647 3609 948 3669 habitare:
1006 3605 1202 3684 αὐτὸς
1255 3611 1452 3668 autem
1505 3626 1936 3683 nonnumquam
1996 3605 2366 3684 significare,
2423 3604 2605 3679 quod

646 3711 875 3771 Mehler
919 3728 1026 3770 sua
1069 3712 1408 3771 coniectura
1449 3711 1719 3769 voluerat
1761 3716 1892 3772 καθ
1910 3706 1924 3729 ’
1970 3704 2173 3772 αὑτόν
2209 3707 2276 3767 Γ
2311 3706 2426 3784 (fur
2452 3706 2605 3766 sich

646 3814 851 3887 allein)
898 3816 1060 3873 certo
1105 3816 1335 3873 constat

644 3920 797 3994 πρὶν
832 3964 845 3977 .
882 3964 894 3977 .
930 3963 945 3978 .
995 3915 1441 3992 ἐλλεβορίσῃ
1484 3911 1504 3996 Ι
1547 3915 2058 3994 ἐλλεβορίσειε
2088 3911 2251 3974 det.
2300 3930 2375 3972 ex
2399 3910 2607 3968 vesti-

651 4016 764 4090 giis
800 4012 861 4081 521
906 4019 963 4073 et
1004 4015 1158 4076 Eut.
1204 4017 1265 4073 in
1311 4015 1522 4089 quibus
1567 4017 1971 4097 ἐλλεβορίσει.
