2800 4500
741 242 1138 296 ALEXANDER
1172 258 1215 297 ι.
1252 242 1777 298 ΡδΕΠΒΟΜΔΝΊἾδ.
2208 245 2335 305 383

390 435 441 477 o.
479 421 582 495 52,
626 419 712 477 ita
746 421 811 478 ut
836 417 1163 493 praecedat
1189 435 1243 476 c.
1269 421 1347 477 52
1392 414 1628 494 Ἄλλως
1659 414 1856 483 πάλιν
1899 471 1914 484 .
1943 472 1958 486 .
1986 472 1999 485 .
2050 426 2334 498 sequatur

388 515 578 583 Ἀλλὰ
620 524 730 582 καὶ
772 515 1142 601 βαρβάροις.

207 640 248 682 e.
272 627 358 682 53.
386 624 674 703 Σαβαρδ.
727 622 817 697 (†)
847 657 933 668 -
961 626 1319 696 Κυτμίδα
1356 628 1650 703 χρίεσθαι
1682 623 1949 699 κέλομαι
1994 628 2334 705 δροσίην

387 747 458 787 τε
502 726 769 804 κέλητος
813 718 833 804 Ι
873 727 1211 800 Κυτμίδι
1255 758 1337 767 -
1383 727 1666 805 δροσίη
1711 725 1809 787 Fr.

206 844 247 887 e.
270 831 355 887 54.
385 822 983 907 ἐπεμηχανησάμην
1010 823 1031 909 fl
1060 845 1175 886 om.
1220 827 1314 890 ἐπ
1357 827 1435 891 Β.

209 946 250 988 c.
274 933 361 988 55.
391 924 573 992 οὕτω
604 952 735 1004 μου
767 929 955 1012 ῥᾳδία
989 931 1297 1010 γενομένη
1340 925 1660 1008 μεταβολή
1690 925 1710 1011 Ι
1737 920 1783 1010 ἡ
1812 936 2025 1006 μεταβ.
2063 925 2328 996 ΩΠΓΒ.

207 1048 247 1091 c.
270 1036 356 1091 56.
387 1027 651 1095 ἁπλοῦν
695 1056 768 1094 τι
813 1038 975 1095 τοῦτ
993 1029 1009 1051 ’
1054 1032 1215 1095 εἶναι
1245 1028 1265 1113 ΙΙ
1293 1051 1405 1093 om.
1449 1057 1511 1094 τι
1566 1032 1732 1096 ΨΒ.

205 1151 245 1194 e.
272 1138 357 1195 57.
389 1130 571 1198 οὕτω
599 1137 719 1210 μὲν
757 1132 1086 1213 α’νεκόπην
1115 1142 1228 1216 τῆς
1258 1131 1460 1216 ὁρμῆς
1489 1140 1596 1198 καὶ
1641 1131 2014 1215 ἐπαυσάμην
2059 1132 2205 1198 οὐκ
2251 1136 2335 1197 ἐν

389 1239 631 1301 δέοντ
648 1262 669 1299 ι
727 1232 1220 1317 θρασυνόμενος
1265 1238 1344 1315 ἐφ
1363 1235 1379 1258 ’
1439 1233 1616 1301 οῧτω
1674 1241 1980 1301 δικαστοῦ
2037 1240 2337 1313 διακειμέ·

282 1354 290 1362 ’
389 1363 515 1404 νου
561 1336 581 1421 fl
624 1344 734 1403 καὶ
790 1336 1164 1420 ἐπαυσάμην
1222 1341 1305 1403 ἐν
1349 1342 1652 1419 δέοντι,
1709 1337 1792 1404 οὐ
1847 1336 2336 1419 θρασυνόμενος

389 1440 505 1521 ἐφ’
551 1446 948 1506 δικαστοῦ
1000 1437 1211 1506 οὕτω
1270 1444 1788 1518 διακειμένου
1832 1442 1995 1503 det.
2059 1442 2211 1514 „Sic
2254 1476 2336 1486 —

387 1547 596 1608 destiti
625 1562 666 1606 α
694 1546 923 1607 iudicio
954 1546 1122 1621 quod
1157 1553 1565 1621 opportunum
1606 1544 1926 1606 videbatur
1965 1545 2057 1620 (ἐν
2102 1544 2338 1620 δέοντι)

389 1651 592 1710 animo
638 1649 813 1724 apud
843 1651 1023 1708 talem
1066 1648 1325 1709 iudicem
1353 1664 1477 1709 non
1500 1649 1806 1720 firmato“.
1882 1648 2076 1709 Aliter
2104 1649 2204 1709 Fr.
2235 1650 2338 1724 qui

385 1753 653 1812 retinens
675 1751 987 1828 vulgarem
1009 1749 1324 1810 verborum
1348 1750 1613 1810 ordinem
1635 1752 1722 1810 sic
1743 1752 2187 1826 interpretatur:
2211 1750 2333 1823 „ab

385 1856 631 1930 incepto
663 1854 885 1926 destiti,
928 1870 1063 1914 cum
1091 1869 1301 1914 coram
1331 1855 1446 1913 tali
1472 1854 1675 1914 iudice
1702 1855 2113 1929 intempestive
2141 1855 2335 1914 auda·

386 1959 545 2019 ciam
585 1958 1024 2032 sumpsissem.

201 2073 239 2118 e.
263 2061 351 2119 58.
380 2054 472 2121 τὸ
521 2055 804 2134 Ἀβώνου
848 2072 1056 2137 τεῖχος
1085 2054 1104 2139 ΙΙ
1130 2053 1224 2121 τὸ
1265 2065 1413 2122 τοῦ
1456 2053 1856 2121 ΑΒΨΠΓΒ.

200 2177 243 2219 e.
267 2165 356 2224 60.
385 2168 731 2226 τοιοῦτο
777 2163 960 2237 τέλος
1004 2158 1023 2243 ΙΙ
1065 2168 1313 2225 τοῦτο
1359 2159 1506 2236 (Fr.)
1551 2156 1630 2223 τὸ
1674 2159 1816 2236 (Ψ)
1862 2160 2046 2234 τέλος
2091 2163 2337 2236 propter

389 2283 650 2342 sequens
681 2257 845 2342 αὕτη
890 2314 903 2326 .
940 2313 953 2325 .
988 2312 1002 2326 .
1053 2258 1090 2340 ᾗ
1121 2256 1536 2341 καταστροφή
1580 2294 1663 2305 -
1707 2254 2116 2339 πολιώδης
2145 2254 2164 2338 ΙΙ
2193 2282 2334 2322 πο-

389 2378 427 2433 λ
445 2376 568 2449 ίτη
586 2392 618 2443 ς
662 2366 824 2442 quod
867 2366 1121 2425 omnium
1163 2363 1293 2423 fere
1338 2363 1607 2423 codicum
1652 2364 1995 2422 auctoritato
2044 2365 2335 2422 sustenta-

389 2476 511 2532 tum
556 2472 794 2530 minime
839 2472 931 2528 est
970 2466 1369 2544 spernendum
1399 2462 1829 2535 «ΩΨΠἋΓΒ.
1901 2463 1990 2524 Of.
2025 2465 2337 2525 Demonax

398 2593 447 2633 ο.
476 2579 556 2634 40
578 2569 648 2638 ‘0
678 2566 979 2647 βασιλεύς
1006 2592 1083 2645 με
1110 2576 1189 2649 τῇ
1221 2566 1551 2643 Ῥωμαίων
1581 2571 1955 2647 πολιτείᾳ
1984 2571 2329 2646 τετίμηκεν.

394 2710 476 2721 --
532 2678 602 2736 In
658 2674 1039 2750 sequentibus
1097 2676 1290 2733 autem
1345 2667 1497 2735 οὔτε
1556 2673 1754 2753 ἰατρῷ
1810 2671 2143 2750 πρέποντα
2187 2666 2336 2733 οὔτε

396 2784 661 2862 πολιῷ
706 2775 893 2856 ἄνδρὶ
935 2782 1135 2838 ταῦτα
1179 2781 1391 2838 ποιῷν
1435 2791 1569 2850 pro
1621 2778 1882 2856 πολιῷ
1940 2769 2172 2850 άνδρὶ
2215 2791 2336 2833 non

396 2880 599 2941 dubito
630 2881 772 2956 quin
815 2877 1189 2939 scribendum
1217 2878 1293 2937 sit
1335 2881 1709 2958 πολιτικῷ
1737 2872 1942 2956 οἷνδρί,
1991 2875 2149 2951 quod
2180 2877 2335 2938 bene

397 2986 676 3047 convenit
719 2981 1100 3059 praecedenti
1142 2986 1408 3060 πολίτης
1452 2978 1614 3039 det.
