2800 4500
805 249 935 302 ΠΩΣ
971 251 1077 303 ΔΕΙ
1113 249 1415 303 ΙΣΤΟΡΙΑΝ
1452 248 1873 302 ΣΥΓΓΡΑΦΕΙΝ.
2327 245 2408 305 23

243 411 620 501 ἀπόβασιν,
671 412 822 484 ἀλλ>
868 418 936 496 ἐς
963 418 1121 497 τοὺς
1168 416 1574 505 στρατηγοὺς
1618 419 1739 502 μὲν
1783 418 1868 484 τὰ
1901 420 2158 502 πρῶτα,
2204 420 2312 483 καὶ
2349 418 2415 483 εἴ

242 546 315 586 τι
349 520 945 603 παρεκελεύσαντο,
992 515 1255 587 κάκεῖνο
1301 525 1655 608 ακηκοέτω,
1702 523 1812 587 καὶ
1857 518 2047 598 ὅπως
2076 523 2188 586 καὶ
2231 513 2410 606 ᾗτινι

243 621 477 710 γνώμῃ
510 624 622 689 καὶ
660 622 932 710 ἐπινοίᾳ
977 622 1234 701 ἔταξαν.
1312 620 1593 689 ἐπειδὰν
1626 623 1697 688 δὲ
1730 616 2177 706 ἀναμιχθῶσι,
2223 621 2407 710 κοινὴ

246 721 496 812 ἔστωὴ
533 730 688 806 θέα,
733 730 843 793 καὶ
891 725 1370 810 ζυγοστατείτω
1416 720 1569 791 τότε
1613 717 1843 811 ὥσπερ
1881 722 1950 791 ἐν
1994 723 2276 812 τρυτάνῃ
2322 723 2407 789 τὰ

147 839 218 888 61
241 827 606 913 γιγνόμενα
648 830 758 894 καὶ
808 828 1224 894 συνδιωκέτω
1269 830 1376 894 καὶ
1428 833 1877 914 συμφευγέτω.
1959 831 2059 892 50.
2091 829 2203 893 καὶ
2235 829 2511 893 πᾶσιῦθ

242 929 517 1006 τούτοις
560 934 799 1014 μέτρον
860 929 1135 1007 ἐπιθεὶς
1190 928 1279 1015 μὴ
1342 929 1409 1006 ἐς
1463 928 1661 1015 κόρον
1716 929 1883 1017 μηδὲ
1944 922 2410 1012 ἀπειροκάλως

243 1031 419 1119 μηδὲ
467 1034 750 1113 νεαρῶς,
812 1025 982 1098 ἀλλὰ
1036 1031 1288 1119 ῥᾳδίως
1348 1026 1794 1098 ἀπολυέσθω·
1855 1035 1966 1098 καὶ
2014 1030 2262 1118 στήσας
2305 1028 2409 1095 ἐν·

245 1132 480 1198 ταῦθά
525 1157 660 1199 που
703 1136 914 1200 ταῦτα
948 1127 1064 1200 ἐπ’
1111 1132 1325 1200 ἐκεῖνα
1369 1138 1847 1218 μεταβαινέτω,
1892 1123 1972 1221 ἢν
2016 1138 2406 1218 κατεπείγῃ·

247 1230 398 1300 εἶτα
432 1233 730 1301 ἐπανίτω
764 1238 1015 1316 λυθείς,
1063 1232 1325 1302 ὁπόταν
1357 1233 1573 1302 ἐκεῖνα
1603 1237 1770 1322 καλῇ
1789 1254 1803 1268 ·
1834 1238 1946 1302 καὶ
1977 1233 2152 1322 πρὸς
2182 1233 2409 1300 πάντα

249 1338 599 1403 σπευδέτω
643 1341 755 1405 καὶ
799 1334 893 1415 ὥς
937 1336 1219 1404 δυνατὸν
1271 1333 1718 1424 ὁμοχρονείτω
1761 1340 1872 1404 καὶ
1916 1341 2409 1421 μεταπετέσθω

249 1432 380 1504 ἀπ’
423 1432 785 1524 Ἀρμενίας
826 1441 948 1522 μὲν
1006 1439 1072 1517 ἐς
1118 1440 1436 1528 Μηδίαν,
1492 1438 1751 1506 ἐκεῖθεν
1799 1440 1870 1506 δὲ
1916 1440 2263 1528 ῥοιζήματι
2312 1437 2408 1505 ἑνὶ

249 1541 350 1618 εἷς
386 1535 704 1629 Ἰβηρίαν,
767 1538 912 1608 εἶτα
971 1541 1067 1619 εἷς
1103 1535 1424 1622 Ἰταλίαν,
1484 1537 1577 1618 ὥς
1618 1540 1902 1629 μηδενὸς
1952 1545 2186 1626 καιροῦ
2231 1535 2408 1607 ἀπο·-

248 1646 582 1710 λείποιτο.
660 1650 761 1710 51.
792 1643 1088 1727 μάλιστα
1119 1644 1191 1709 δὲ
1221 1643 1580 1731 κατόπτρῳ
1625 1641 1915 1711 ἐοικυῖαν
1945 1649 2408 1728 παρασχέσθω
2431 1653 2511 1709 51

242 1744 370 1831 τὴν
413 1745 680 1833 γνώμην
728 1738 950 1831 ἀδόλῳ
995 1749 1105 1813 καὶ
1165 1748 1471 1831 στιλπνῷ
1527 1751 1641 1813 καὶ
1697 1739 1956 1830 ἀκριβεῖ
1997 1744 2072 1813 τὸ
2120 1751 2406 1833 κέντρον,

148 1861 220 1911 62
240 1849 358 1913 καὶ
402 1843 656 1925 ὁποίας
705 1836 788 1913 ἀν
835 1848 1104 1935 δέξηται
1147 1847 1269 1926 τὰς
1312 1846 1584 1934 μορφὰς
1639 1851 1772 1914 τῶν
1831 1848 2069 1935 ἔργων,
2127 1852 2408 1915 τοιαῦτα

243 1952 359 2017 καὶ
419 1949 735 2016 δεικνύτω
798 1944 999 2030 αὐτά,
1062 1950 1477 2037 διάστροφον
1535 1949 1608 2016 δὲ
1663 1940 1704 2038 ἢ
1749 1950 2135 2036 παράχρουν
2180 1941 2222 2040 ἢ
2267 1949 2408 2017 ἑτε-

242 2050 581 2138 ρόσχημον
612 2052 849 2138 μηδέν·
897 2045 973 2117 οὗ
1005 2050 1131 2137 γὰρ
1169 2044 1403 2135 ὥσπερ
1431 2065 1575 2128 τοῖς
1605 2050 1880 2138 ῥήτορσι
1913 2104 1928 2118 .
1964 2103 1979 2118 .
2013 2103 2027 2117 .
2064 2103 2079 2118 .
2110 2051 2408 2140 γράφου-

245 2175 375 2233 σιν,
423 2151 591 2218 ἀλλὰ
624 2151 708 2218 τὰ
739 2153 861 2236 μὲν
894 2152 1356 2239 λεχθησόμενα
1402 2151 1514 2219 οἱα
1546 2153 1691 2219 ἐστι
1719 2156 1829 2220 καὶ
1864 2152 2235 2239 εἰρήσεται·
2283 2159 2407 2219 πέ-

241 2280 545 2342 πρακται
586 2253 713 2340 γὰρ
746 2250 904 2342 ἤδη·
954 2256 1158 2322 δεῖδὲ
1192 2254 1393 2332 τάξαι
1438 2258 1548 2322 καὶ
1595 2255 1813 2322 εἰπεῖν
1860 2249 2049 2321 αὐτά.
2129 2247 2299 2322 ὥστε
2330 2250 2406 2323 οὗ

238 2364 312 2424 τί
344 2358 595 2424 εἴπωσι
642 2358 949 2444 ζητητέον
997 2351 1242 2438 αὐτοῖς,
1292 2351 1441 2423 ἀλλ’
1496 2350 1687 2435 ὅπως
1734 2357 2040 2424 εἴπωσιν.
2127 2350 2302 2436 ὅλως
2335 2359 2406 2425 δὲ

241 2464 598 2543 νομιστέον
666 2458 784 2526 τὸν
854 2460 1158 2545 ἱστορίαν
1225 2459 1696 2547 συγγράφοντα
1757 2460 2001 2547 Φειδίᾳ
2063 2463 2300 2547 χρῆναι
2365 2452 2407 2550 ἢ

237 2561 650 2645 ΙΙραξιτέλει
718 2560 1003 2628 ἐοικέναι
1060 2551 1103 2647 ἢ
1151 2555 1548 2645 Ἀλκαμένει
1605 2557 1647 2646 ἤ
1704 2586 1800 2647 τῳ
1868 2557 2051 2648 ἀλλῳ
2119 2561 2404 2629 ἐκείνων.

239 2657 400 2729 ουδὲ
456 2662 582 2749 γὰρ
644 2657 789 2730 ουδ’
856 2662 1096 2730 ἐκεῖνοι
1148 2662 1393 2751 χρυσὸν
1453 2654 1494 2752 ἢ
1556 2688 1927 2751 αργυρονη
1978 2664 2309 2752 ἐλέφαντα
2365 2655 2406 2754 ἢ

236 2765 364 2852 τὴν
409 2761 618 2853 ἀλλην
662 2758 820 2854 ύλην
867 2764 1163 2840 ἐποίουν,
1212 2760 1360 2831 ἀλλ’
1415 2762 1453 2853 ἡ
1484 2767 1605 2849 μὲν
1649 2763 1904 2855 ὑπῆρχε
1946 2771 2057 2834 καὶ
2102 2774 2406 2854 προϋπε-

231 2869 549 2954 βέβλητο,
588 2862 868 2933 Ἠλείων
912 2859 954 2952 ἢ
989 2862 1383 2955 Ἀθηναίων
1419 2858 1463 2957 ἢ
1500 2862 1822 2952 Ἀργείων
1867 2875 2404 2955 πεπορισμένων,

239 2970 414 3035 οἶδὲ
459 2969 795 3036 ἔπλαττον
838 2969 1044 3052 μόνον
1087 2974 1198 3037 καὶ
1247 2968 1484 3056 ἔπριον
1527 2968 1645 3036 τὸν
1693 2969 2024 3057 ἐλέφαντα
2067 2974 2180 3038 καὶ
2226 2971 2406 3049 ἔξεον

236 3075 355 3138 καὶ
424 3071 711 3144 ἐκόλλων
777 3074 890 3138 καὶ
959 3071 1361 3158 ἐρρύθμιζον
1418 3075 1530 3138 καὶ
1590 3071 1958 3160 ἐπήνθιζον
2012 3077 2110 3159 τῷ
2163 3078 2405 3160 χρυσῷ,

238 3176 352 3240 καὶ
397 3177 598 3240 τοῦτο
642 3160 722 3258 ἦν
766 3171 805 3260 ἡ
846 3179 1037 3263 τέχνη
1087 3169 1331 3254 αὐτοῖς,
1381 3174 1448 3252 ἐς
1479 3175 1629 3241 δέον
1662 3174 2242 3264 οἰκονομήσασθαι
2285 3173 2405 3261 τὴν

236 3269 425 3363 ῧλην.
514 3279 784 3342 τοιοῦτο
834 3271 913 3365 δή
973 3302 1041 3342 τι
1098 3278 1209 3343 καὶ
1253 3275 1327 3342 τὸ
1386 3280 1508 3342 τοῦ
1570 3281 2001 3364 συγγραφέως
2059 3276 2279 3361 ἔργον,
2340 3275 2406 3355 ἐς

148 3402 215 3453 63
237 3376 449 3443 καλὸν
512 3377 892 3444 διαθέσθαι
950 3376 1034 3443 τὰ
1080 3382 1525 3463 πεπραγμένα
1579 3380 1693 3444 καὶ
1751 3377 1819 3456 ἐς
1877 3377 2156 3461 δύναμιν
2215 3377 2405 3463 ἐναρ-

238 3483 533 3564 γέστατα
580 3478 915 3556 ἐπιδεῖξαι
961 3473 1147 3545 αὗτά.
1223 3483 1334 3546 καὶ
1365 3472 1527 3546 ὅταν
1571 3504 1675 3557 τις
1720 3473 2138 3566 ἀκροώμενος
2181 3481 2407 3568 οἴηται

238 3585 456 3647 ταῦτα
514 3576 679 3665 ὁρᾶν
736 3579 822 3647 τὰ
884 3581 1204 3665 λεγόμενα
1260 3585 1374 3647 καὶ
1430 3579 1600 3647 κατὰ
1660 3585 1861 3648 τοῦτο
1916 3580 2193 3670 ἐπαινῇ,
2231 3584 2406 3651 -τότε

239 3681 322 3765 δὴ
368 3682 525 3748 τότε
572 3676 1042 3771 ἀπηκρίβωται
1086 3685 1201 3749 καὶ
1243 3681 1361 3749 τὸν
1421 3683 1664 3749 οἰκεῖον
1722 3683 2004 3751 ἔπαινον
2065 3678 2405 3773 ἀπείληφε

236 3781 317 3849 τὸ
369 3782 559 3869 ἔργον
607 3780 726 3870 [τῷ
771 3787 889 3870 τῆς
937 3784 1240 3868 ἱστορίας
1289 3782 1584 3872 Φειδίᾳ].
1676 3790 1776 3851 52.
1839 3784 2112 3851 πάντων
2161 3786 2232 3852 δὲ
2276 3782 2400 3875 ἤδη
2427 3797 2505 3854 52

236 3891 888 3969 παρεσκευασμένων
904 3936 921 3965 ,
978 3889 1088 3953 καὶ
1138 3879 1675 3969 ἀπροοιμίαστον
1731 3890 1852 3969 μέν
1908 3910 2076 3952 ποτε
2119 3887 2401 3973 ποιήσε-

234 4012 357 4052 ται
400 3986 518 4075 τὴν
579 3980 814 4074 ἀρχήν,
875 3983 1137 4053 ὁπόταν
1196 3986 1284 4072 μὴ
1334 3988 1512 4052 πάνυ
1570 3994 1927 4074 κατεπείγῃ
1986 3986 2062 4053 τὸ
2123 3992 2402 4075 πρᾶγμα
