2800 4500
1049 212 1545 268 SUPPLEMENTA.
2251 210 2376 270 295

222 411 276 452 ο.
309 395 405 452 16.
436 391 523 452 ίὸέ
614 389 719 451 ἴδε.

223 513 275 555 ο.
316 498 409 556 17.
446 385 809 571 πεκῃρᾶχθαι
836 485 856 570 Ι
884 483 1248 568 πεκράχθαι
1288 520 1373 532 -
1416 494 1532 569 ζῆν
1558 485 1579 567 Ι
1606 485 1721 568 ζὴν
1752 520 1835 532 ·-·
1865 480 2060 563 οὗτος
2088 481 2376 562 θάνατος

487 644 500 657 .
531 644 544 657 .
596 590 796 667 ὠμῶν
849 588 1197 672 τυράννων
1228 588 1252 667 Ι
1282 609 1394 652 om.
1438 624 1521 634 —
1563 586 1899 670 ἀδικήμασι
1940 586 1961 671 Ι
2003 584 2378 669 ἀδικήμασιν

445 728 531 739 —-
574 690 650 758 τὸ
693 691 762 757 d'
805 691 1115 773 α’γνοῆσαι
1147 689 1172 773 Ι
1203 688 1280 755 τὸ
1324 690 1390 754 δ’
1434 690 1630 768 εὐθὺς
1681 690 1991 773 ἀγνοῆσαι
2046 725 2130 735 -
2180 694 2377 771 μηδὲν

446 803 711 861 τοιοῦτο
743 792 768 878 Ι
796 799 949 875 μηδὲ
1006 801 1270 858 τοιοῦτο
1312 827 1402 837 —
1444 793 1565 872 εἶχε
1609 799 1714 857 καὶ
1743 790 1763 873 Ι
1791 794 1985 873 εἶχεν·
2029 797 2135 855 καὶ

18 908 24 991 f
225 922 279 963 ο.
312 905 408 965 18.
446 900 713 974 ἐλπίδας
750 892 1016 977 χρόνων
1047 892 1071 977 Ι
1103 914 1216 958 om.
1257 897 1386 956 sine
1438 897 1652 956 lacuna
1699 927 1773 940 —
1820 891 2078 970 τούτοις
2135 890 2377 970 συμμά-

442 1025 585 1082 χοις
615 996 640 1082 fl
671 1013 810 1074 τοῖς
856 1015 997 1073 συμ.
1049 1031 1130 1042 -
1175 994 1338 1078 πρὸς
1382 992 1501 1078 τὴν
1543 1023 1596 1061 τ.
1635 996 1656 1076 ΙΙ
1689 1003 1833 1078 περὶ
1876 993 1994 1078 τὴν
2036 1021 2088 1061 τ.
2428 992 2431 995 ’

223 1125 277 1168 ο.
310 1110 406 1169 19.
444 1109 539 1179 τίς
583 1097 743 1164 αὐτὸ
773 1101 836 1177 ἐς
867 1097 890 1180 Ι
921 1106 1019 1175 τίς
1049 1097 1210 1163 αὐτο
1240 1104 1377 1176 (ras.
1410 1102 1473 1159 in
1512 1108 1573 1175 ο)
1614 1104 1701 1176 είς
1744 1118 1893 1160 cort.
1938 1117 2015 1160 ex
2056 1105 2152 1175 τίς
2196 1095 2377 1162 αὐτῶ

450 1209 536 1280 είς
569 1236 646 1247 -
678 1208 775 1278 τίς
806 1198 1152 1281 ἐχρήσατο;
1179 1207 1274 1277 τίς
1304 1199 1467 1264 αὐτὸ
1497 1199 1609 1264 ἐπ’
1641 1199 1664 1284 Ι
1697 1197 2007 1282 ἐχρήσατό
2036 1224 2131 1277 τις
2162 1197 2379 1278 αὐτῶ,·

450 1307 528 1369 ἐκ
545 1303 580 1384 ’,
604 1323 720 1366 om.
739 1306 938 1381 priore
960 1310 1057 1379 τίς
1079 1336 1155 1348 —-
1185 1299 1599 1384 συνήργησεν,
1630 1301 1752 1368 οὐκ
1781 1301 1865 1367 ἂν
1894 1310 2076 1384 τιμῆς
2104 1300 2123 1384 Η
2152 1297 2381 1383 συνήρ-

447 1426 596 1489 γησε
638 1412 833 1471 παντὶ
875 1414 1074 1471 τοῦτο
1118 1414 1300 1487 τιμῆς
1343 1440 1427 1452 --
1471 1407 1799 1481 ἐνομίσατε
1833 1402 1856 1487 Ι
1890 1411 2188 1481 νομίσατε

221 1532 274 1574 ο.
303 1516 409 1572 20.
441 1517 552 1591 τῆς
595 1505 752 1589 ὅλης
796 1532 971 1588 τραγ.
1008 1507 1032 1587 ΙΙ
1063 1515 1175 1589 τῆς
1217 1506 1417 1589 ἄλλης
1459 1532 1553 1588 τρ.
1603 1542 1683 1552 —
1728 1504 1877 1571 υἱὸν
1912 1503 1991 1571 ὃν
2020 1507 2141 1586 εἶχε
2169 1503 2380 1583 μόνον

447 1608 612 1695 Ιτὸν
656 1606 805 1674 υἱὸν
848 1606 929 1673 ὃν
972 1609 1094 1688 εἶχε
1142 1606 1353 1685 μόνον
1399 1643 1482 1653 -

222 1736 278 1777 ο.
305 1720 408 1779 21.
445 1710 546 1777 διὰ
589 1708 667 1776 τὸ
711 1708 922 1777 πάντα
965 1762 980 1776 .
1015 1763 1028 1775 .
1065 1762 1080 1775 .
1127 1719 1396 1791 θαρρεῖν
1430 1713 1453 1790 ll
1486 1708 1587 1775 διὰ
1640 1717 1762 1776 τοῦ
1815 1707 2029 1774 πάντα
2074 1754 2090 1770 .
2120 1761 2135 1775 .
2184 1717 2248 1774 θ.
2296 1745 2382 1757 -

450 1809 777 1895 ἐνεόέησεΙ
811 1815 1130 1893 ἐνεδέησεν
1173 1845 1258 1857 -
1302 1809 1501 1877 πάλαι
1545 1816 1607 1876 δὲ
1642 1811 1665 1894 Ι
1697 1809 1894 1877 πάλαι
1932 1809 2053 1893 γὰρ
2097 1845 2182 1857 -
2225 1836 2384 1894 προ-

451 1920 1048 1998 παρεσκευασμένον
1075 1911 1096 1996 Ι
1124 1919 1867 1997 προκαρασκευασμένον
1890 1951 1973 1962 -
1995 1913 2125 1998 πρὸ
2143 1924 2383 1996 μικροῦ

448 2071 464 2085 .
498 2072 512 2085 .
547 2071 563 2085 .
610 2023 798 2097 ξίφος
827 2015 976 2100 iem.
1025 2051 1110 2062 —

228 2144 283 2185 c.
313 2126 413 2187 22.
449 2119 598 2186 οὐδὲ
641 2117 876 2200 μικρὸν
917 2111 1038 2184 οὗὸ
1057 2119 1072 2140 '
1104 2128 1127 2202 u
1158 2119 1242 2184 οὐ
1269 2117 1506 2200 μικρὸν
1549 2116 1699 2183 οὐδὲ
1732 2151 1813 2163 -
1841 2115 2381 2200 μαρτυρούμενον

459 2219 997 2306 Ιμαρτυρόμενον
1041 2258 1122 2269 --
1169 2219 1249 2287 τὰ
1291 2228 1476 2304 τρίτα
1520 2225 1585 2285 δὲ
1619 2218 1642 2303 ΙΙ
1675 2217 1754 2286 τὰ
1798 2224 1861 2285 δὲ
1906 2227 2091 2303 τρίτα
