2800 4500
440 273 565 336 332

1175 268 1551 323 ADNOTATIO
1589 268 1857 325 CRITICA.

438 471 491 512 e.
524 455 622 512 44.
653 445 752 514 Σὺ
779 448 1063 525 μέντοι
1092 442 1111 528 ΙΙ
1138 440 1250 509 Σὺ
1278 447 1421 521 μέν
1461 445 1625 510 ΨΒ.
1656 479 1738 488 -
1763 440 2203 525 ἐπανελήλυθε
2233 450 2390 524 ζῶν
2418 441 2439 527 Ι
2467 465 2593 508 om.

440 677 491 719 e.
520 661 619 717 46.

444 2858 492 2900 e.
522 2843 621 2899 47.

440 3164 493 3205 e.
520 3149 618 3206 48.

441 3370 491 3412 e.
520 3357 621 3413 49.

654 559 815 632 ζῶν
871 549 1032 613 ΨΒ.

651 658 707 719 εἰ
749 655 815 717 δέ
857 675 1107 715 τινων
1152 654 1753 732 προσκαλουμένων
1796 647 1997 714 κατὰ
2040 647 2226 729 τάξιν
2269 658 2406 714 των
2442 674 2597 733 χρη-

653 764 834 833 σμῶν
877 750 1058 836 (πρὸ
1115 761 1299 830 μιᾶς
1350 757 1417 816 δὲ
1472 761 1671 817 τοῦτο
1730 760 1851 816 τοῦ
1905 759 2230 833 θεσπίζειν
2287 755 2596 832 ἐγίγνετο)

653 865 783 922 καὶ
842 859 1154 938 ἐρομένου
1209 863 1333 919 τοῦ
1386 853 1668 937 κήρυκος
1725 860 1781 918 εἰ
1832 858 2147 936 θεσπίζει,
2209 861 2373 942 τῷδε
2427 856 2599 921 αἰνεῖ·

654 986 773 1026 πεν
804 961 1103 1025 ἔνδοθεν·
1145 956 1263 1038 ,Ἐς
1306 955 1636 1039 κόρακας,’
1677 956 1893 1023 οὐκέτι
1934 957 2054 1023 τὸν
2097 967 2402 1025 τοιοῦτον
2444 958 2601 1025 οὔτε

654 1067 837 1144 στέγῃ
867 1087 964 1140 τις
994 1063 1235 1141 ἐδέχετο
1282 1057 1432 1125 οὔτε
1462 1057 1670 1142 πυρὸς
1697 1058 1736 1143 ἢ
1770 1058 2006 1139 ὕδατος
2051 1060 2396 1128 ἐκοινώνει.
2476 1063 2600 1126 Ob·

651 1168 1020 1228 scurissimus
1053 1169 1144 1225 est
1170 1165 1267 1224 hie
1296 1165 1482 1244 locun,
1527 1164 1603 1225 ad
1635 1183 1809 1240 quem
1843 1167 2146 1241 paululum
2188 1167 2603 1227 illustrandum

657 1270 891 1331 codices
936 1263 1066 1327 ΨΒ
1111 1267 1226 1328 hoe
1269 1267 1492 1327 habent
1531 1267 1960 1347 adiumentum,
2021 1271 2085 1328 ut
2126 1287 2235 1344 pro
2280 1267 2408 1350 πρὸ
2446 1277 2605 1346 μιᾶς

655 1375 715 1449 (i.
750 1390 802 1433 e.
833 1370 1048 1448 pridie)
1092 1370 1423 1446 praebeant
1463 1375 1963 1449 παρανομίας.
2047 1372 2370 1432 Praeterea
2410 1366 2613 1434 ΩΠΓ

655 1493 764 1552 pro
795 1496 997 1536 τινων
1027 1472 1250 1533 habent
1277 1495 1420 1535 τινι.
1498 1472 1607 1532 His
1636 1471 1824 1532 fretus
1869 1471 2089 1548 (deleto
2120 1476 2294 1533 simul
2322 1479 2426 1537 καὶ
2458 1481 2601 1536 ante

653 1578 963 1658 ἐρομένου
995 1593 1126 1635 enm
1157 1573 1487 1650 Dindorfio)
1518 1575 1605 1633 sie
1633 1572 2061 1634 informandam
2108 1592 2240 1636 esse
2273 1579 2601 1639 orationem

652 1681 910 1740 conicio:
958 1681 1014 1740 εἰ
1041 1679 1106 1740 δέ
1135 1700 1301 1740 τινι
1344 1682 1481 1739 τῶν
1525 1678 2121 1756 προσκαλουμένων
2166 1675 2381 1759 παρὰ
2411 1675 2602 1758 τάξιν

650 1823 785 1879 τῶν
836 1819 1144 1895 χρησμῶν
1202 1846 1284 1856 -
1343 1817 1817 1893 παρανομίᾳ
1862 1816 1927 1876 δὲ
1971 1819 2170 1877 τοῦτο
2215 1796 2338 1877 {313
2379 1821 2603 1879 θεσπί-

650 1923 780 1998 ζειν
841 1918 1120 1996 ἐγίγνετο
1166 1949 1246 1958 -
1295 1915 1607 1995 ἐρομένου
1665 1921 1787 1978 τοῦ
1844 1910 2124 1996 κήρυκος
2183 1920 2240 1979 εἰ
2291 1924 2599 1999 θεσπίζει,

650 2025 811 2105 τῷδε
854 2017 1109 2083 α’νεῖπεν
1156 2017 1423 2081 ἔνδοθεν
1457 2013 1474 2037 ‘
1502 2017 1565 2093 ἐς
1594 2011 1914 2097 κόρακας’
1959 2016 2175 2081 ου’κέτι
2219 2069 2232 2082 .
2269 2071 2282 2083 .
2319 2070 2332 2082 .
2369 2071 2382 2084 .
2434 2020 2601 2085 ἐκοι-

654 2118 862 2187 νώνει.
943 2121 1049 2201 „Si
1079 2123 1211 2197 quis
1244 2138 1446 2181 eorum
1478 2121 1578 2196 qui
1608 2119 1894 2180 adversus
1928 2121 2194 2181 ordinem
2225 2124 2602 2184 constitutum

653 2227 850 2287 vocati
895 2228 1063 2287 erant
1105 2259 1186 2268 -—-
1232 2222 1415 2284 fiebat
1469 2223 1622 2283 enim
1666 2221 1780 2284 hoe
1823 2226 2065 2299 praeter
2119 2225 2316 2302 legem
2373 2224 2602 2308 (παρα-

655 2331 870 2410 νομίᾳ)
916 2362 1000 2371 -
1042 2346 1152 2404 per
1194 2343 1552 2403 praeconem
1596 2326 2032 2404 interrogabat,
2077 2345 2216 2386 num
2259 2327 2372 2387 sibi
2414 2330 2605 2390 vellet

656 2430 1041 2508 respondere,
1090 2430 1262 2504 eique
1294 2424 1405 2487 ‘ad
1437 2425 1681 2488 eorvos'
1724 2427 2115 2504 responderat
2155 2463 2238 2472 —-
2281 2431 2463 2490 talem
2495 2431 2601 2492 ho·

655 2534 871 2593 minem
914 2533 1077 2591 nulla
1120 2534 1236 2590 iam
1280 2530 1487 2591 domus
1535 2528 1933 2606 excipiebat.“
2020 2529 2158 2591 Sed
2210 2536 2354 2591 tam
2373 2550 2461 2593 en
2511 2552 2601 2595 ne

657 2635 845 2696 haee
901 2634 1205 2710 quidem
1249 2650 1405 2693 mea
1460 2634 1777 2692 mutatio
1836 2651 1992 2692 eum
2035 2622 2214 2694 mihi
2257 2636 2570 2710 placeat

656 2737 833 2797 aliis
880 2736 1075 2796 hune
1121 2738 1362 2795 locum
1410 2734 1950 2795 emendandum
1994 2737 2374 2813 relinque.

656 2834 869 2902 ὅσων
927 2835 1195 2915 οἷγαθῶν
1238 2833 1259 2920 fl
1301 2840 1498 2900 οἵων
1558 2834 1825 2915 ἀγαθῶν
1884 2832 2029 2902 ΨΒ.
2094 2873 2178 2883 -
2236 2836 2382 2920 οὐχ
2441 2835 2601 2903 ὑπὸ

656 2944 795 3022 ὃᾷδι
840 2936 858 3020 ΙΙ
904 2937 1107 3019 οὐχὶ
1153 2942 1355 3022 δᾳδὶ
1416 2940 1527 2999 Bk.
1576 2940 1707 3019 Fr.;
1766 2936 1937 3003 ὑπὸ
1984 2959 2109 3000 om.
2158 2936 2223 3004 B.
2285 2975 2368 2984 —
2423 2939 2600 3027 λόγῳ

655 3038 878 3125 ὀρθῷ
906 3040 923 3122 ΙΙ
954 3060 1076 3102 om.
1124 3039 1308 3126 ὀρθῷ
1353 3038 1418 3106 Β.

651 3140 769 3208 τὸν
803 3140 1238 3208 Ῥουτιλιανὸν
1267 3140 1287 3226 ΙΙ
1315 3150 1446 3208 καὶ
1498 3141 1615 3207 τὸν
1651 3141 1721 3209 ‘P.
1772 3138 1948 3204 QUI*
1952 3140 2017 3208 B.
2113 3141 2218 3218 ὅτε
2261 3144 2414 3224 θεὸς
2444 3144 2463 3231 ss
2491 3144 2601 3212 ὅτε

654 3240 696 3310 ὃ
736 3244 886 3324 θεὸς
944 3245 1109 3309 ΨΒ.

654 3348 734 3415 οὐ
779 3347 899 3432 γὰρ
947 3346 1524 3432 παρακινδυνεύων
1554 3345 1572 3430 ΙΙ
1601 3347 1684 3414 ου’
1727 3375 1779 3429 γ.
1824 3347 2054 3415 λύειν
2084 3375 2317 3433 παρακ.
2369 3353 2467 3414 Fr.
2510 3384 2600 3397 —-

656 3454 757 3516 ἐπὶ
788 3449 1069 3518 τούτου
1094 3449 1113 3533 ΙΙ
1135 3454 1237 3516 ἐπὶ
1267 3460 1500 3515 τοῦτο
1543 3452 1770 3516 ΨΓΒ.
1809 3489 1893 3498 —
1926 3450 2601 3535 ἅπολαμβανόντωνῙΙ

655 3552 1243 3632 λαμβανόντων
1283 3554 1441 3614 ΨΒ
1480 3590 1560 3599 —-
1605 3560 1712 3617 καὶ
1741 3561 1938 3618 τοῦτο
1985 3553 2256 3620 αὐτῶν
2300 3553 2378 3620 τὸ
2408 3557 2598 3637 ἔργον

660 3654 1026 3732 ὗπομισθὸν
1071 3652 1151 3737 ἦν
1179 3653 1200 3739 Ι
1229 3654 1446 3742 αὐτῷ
1478 3656 1659 3735 det.,
1705 3659 1857 3716 sieut
1897 3675 1971 3718 ex
2001 3660 2385 3734 sequentibus
2428 3660 2599 3719 intel·

657 3760 876 3836 legitur
932 3760 1195 3823 ἐτέλουν
1240 3756 1360 3840 γὰρ
1408 3762 1471 3824 οἱ
1516 3759 1678 3839 ἐξηγ.
1740 3766 1835 3843 τῷ
1880 3756 2059 3837 Ἄλεξ.
2110 3755 2448 3825 τάλαντον.
2505 3792 2598 3802 -

656 3857 1040 3941 ἑκάτερος
1066 3857 1085 3939 ΙΙ
1116 3861 1462 3937 ἕκαστος
1509 3860 1653 3921 Cob.

2583 2682 2601 2717 7

446 3978 495 4022 e.
525 3966 621 4022 50.
656 3966 814 4038 ἰδίας
842 3957 863 4043 ΙΙ
891 3960 1097 4042 ἀκαρῆ
1141 3964 1355 4042 subite,
1400 3965 1528 4023 sine
1572 3982 1756 4041 mora,
1804 3960 2050 4044 α’καρὴν
2105 3962 2270 4025 ΨΒ.

448 4080 498 4121 e.
527 4066 626 4120 51.

659 4058 878 4142 Μόρφι
935 4059 1315 4143 ἐβάργουλις
1370 4114 1383 4127 .
1421 4115 1433 4128 .
1471 4115 1484 4127 .
1548 4067 1634 4140 (τ)
1691 4066 2086 4142 Transposuit
2139 4066 2236 4126 Fr.
2298 4085 2348 4127 e.
2400 4072 2467 4126 51
2534 4069 2600 4125 et
