2800 4500
811 226 944 280 ΠΩΣ
977 227 1083 279 AB!
1119 226 1417 280 ΙΣΤΟΡΙΑΝ
1452 227 1869 281 ΣΥΓΓΡΑΦΕΙΝ.
2370 229 2408 284 5

257 395 337 461 τὸ
388 401 658 481 στέρνον
706 396 776 463 δὲ
822 400 919 482 τῷ
979 390 1253 483 ἀδελφῷ
1313 390 1517 462 αὐτοῦ
1561 399 1657 481 τῷ
1701 395 2118 474 Ποσειδῶνι,
2176 396 2294 483 τὴν
2339 397 2410 463 δὲ

259 496 467 585 ζώνην
512 501 609 584 τῴ
638 492 851 582 Ἄρει,
898 501 1011 564 καὶ
1057 490 1229 575 ὅλως
1275 496 1601 563 σύνθετον
1647 494 1716 563 ἐκ
1761 497 2032 562 πάντων
2078 501 2259 564 θειῦν
2303 523 2410 583 γε·

256 603 505 664 νέσθαι
564 597 642 685 δὴ
699 598 818 665 τὸν
854 595 1147 686 Ἀτρέως
1202 601 1313 665 καὶ
1350 592 1723 685 Ἀερόπης·
1787 592 1863 664 οὗ
1920 597 2044 686 γὰρ
2105 600 2327 677 ἱκανὸς
2372 598 2407 666 ὁ

255 699 430 777 Ζεύς
477 694 630 766 οῦδὲ
673 697 707 767 o‘
755 700 1109 767 Ποσειδῶν
1161 695 1314 767 οὐδὲ
1358 697 1394 767 ὃ
1429 695 1640 788 ’Ἀρης
1684 700 1885 782 μόνος
1930 700 2203 777 ἕκαστος
2249 694 2411 767 ἂνα-

255 803 616 888 πληρῶσαι
660 801 735 869 τὸ
783 802 1024 880 κάλλος
1068 796 1293 868 αῦτοῦ.
1381 798 1422 890 ἡ
1473 802 1737 887 ἱστορία
1783 802 1854 867 δὲ
1897 798 1975 888 ἤν
2020 828 2170 869 τινα
2212 803 2411 868 κολα-

213 910 442 971 -κείαν
499 905 814 991 τοιαύτην
873 904 1258 992 προσλάβῃ,
1316 910 1384 970 τί
1430 899 1593 970 ἄλλο
1638 895 1679 993 ἢ
1726 903 1889 990 πεζή
1949 928 2052 981 τις
2095 903 2408 992 ποιητικὴ

256 1011 586 1091 γίγνεται,
645 1009 763 1095 τῆς
806 1009 1321 1094 μεγαλοφωνίας
1363 1005 1486 1090 μὲν
1533 1006 1779 1092 ἐκείνης
1824 1005 2247 1093 ἐστερημένη,
2294 1003 2411 1091 τὴν

167 1130 226 1181 11
258 1106 506 1196 λοιπὴν
566 1108 639 1175 δὲ
696 1114 1042 1193 τερατείαν
1106 1106 1353 1196 γυμνὴν
1410 1111 1542 1174 τῶν
1600 1114 1858 1193 μέτρων
1916 1111 2026 1174 καὶ
2080 1100 2173 1174 δι’
2251 1102 2408 1173 αὐτὸ

258 1207 755 1297 ἐπισημοτέραν
801 1209 1241 1297 ἐκφαίνουσας
1283 1214 1451 1295 μέγα
1494 1217 1745 1290 τοίνυν,
1790 1212 2044 1293 μᾶλλον
2091 1210 2164 1275 δὲ
2205 1205 2412 1292 ῦπέρ-

258 1337 427 1400 μεγα
468 1308 670 1378 ’τοῦτο
715 1311 946 1392 κακόν,
996 1311 1054 1377 εἰ
1097 1309 1186 1396 μὴ
1237 1311 1444 1398 εἰδείη
1491 1336 1593 1389 τις
1630 1311 1933 1394 χωρίζειν
1976 1311 2061 1376 τὰ
2110 1312 2412 1393 ἱστορίας

255 1416 369 1478 καὶ
414 1411 497 1479 τὰ
545 1416 915 1501 ποιητικῆς,
965 1406 1112 1478 ἀλλ’
1167 1411 1517 1497 ἐπεισάγοι
1559 1415 1641 1499 τῇ
1689 1413 1954 1500 ἱστορίᾳ
1996 1411 2078 1478 τὰ
2108 1416 2227 1501 τῆς
2272 1412 2412 1479 ἑτέ-

258 1538 380 1597 ρας
423 1514 870 1598 κομμώματα,
926 1511 1044 1580 τὸν
1087 1517 1310 1595 μῦθον
1366 1517 1476 1581 καὶ
1522 1512 1598 1579 τὸ
1648 1512 1968 1599 ἐγκώμιον
2023 1517 2136 1580 καὶ
2179 1512 2299 1591 τὰς
2345 1512 2412 1579 ἐν

258 1614 522 1693 τούτοις
567 1612 964 1701 ὑπερβολάς,
1011 1608 1240 1702 ὥσπερ
1290 1642 1368 1681 αν
1402 1616 1468 1681 εἴ
1506 1640 1609 1693 τις
1655 1614 1957 1704 ἀθλητὴν
2002 1619 2136 1681 τῶν
2180 1639 2411 1701 καρτε-

260 1720 393 1801 ρῶν
437 1717 691 1784 τούτων
721 1721 831 1785 καὶ
863 1718 1105 1805 κομιδῇ
1130 1723 1473 1804 πρινίνων
1521 1713 1870 1824 ἁλουργίσι
1916 1717 2272 1802 περιβάλοι
2302 1719 2410 1782 καὶ

257 1821 357 1903 τῷ
404 1814 586 1906 αλλῳ
631 1819 859 1906 κόσμῳ
904 1845 995 1905 τῳ
1032 1819 1342 1907 ἑταιρικῷ
1385 1823 1498 1886 καὶ
1546 1825 1781 1908 φυκίον
1828 1819 2117 1904 εντρίβοι
2147 1845 2254 1885 και
2294 1831 2412 1903 ψι-

257 1919 513 2002 μύθιον
556 1924 652 2006 τῷ
699 1920 1078 2007 προσώπῳ,
1132 1916 1491 2006 (Ηράκλεις
1534 1920 1625 1998 ὠς
1676 1923 2164 2006 καταγέλαστον
2210 1914 2411 1986 αὐτὸν

262 2016 710 2108 ἀπεργάσαιτ’
777 2049 857 2089 αν
916 2022 1229 2105 αἰσχύνας
1285 2026 1381 2107 τῷ
1438 2017 1665 2108 κόσμῳ
1726 2022 1972 2110 ἐκείνῳ.
2060 2029 2120 2090 9.
2179 2026 2287 2089 καὶ
2337 2015 2411 2088 οὗ
2450 2039 2487 2094 9

258 2122 455 2188 τοῦτό
518 2148 723 2211 φημι,
784 2120 875 2201 ὥς
935 2122 1075 2204 οὐχὶ
1131 2126 1244 2189 καὶ
1302 2121 1687 2190 ἐπαινετέον
1735 2123 1802 2189 έν
1849 2125 2112 2212 ἱστορίᾳ
2169 2124 2410 2191 &vcors-

261 2217 417 2290 ἄλλ’
471 2223 538 2291 ἐν
568 2229 780 2312 καιρῷΙ
811 2228 906 2312 τῴ
939 2225 1344 2314 προσήκοντι
1382 2223 1766 2293 ἐπαινετέον
1796 2229 1904 2292 καὶ
1935 2232 2174 2312 μέτρον
2207 2225 2412 2293 ἐπακ-

260 2332 410 2393 τέον
450 2331 550 2413 τῷ
598 2327 961 2413 πράγματι,
1007 2326 1083 2394 τὸ
1131 2326 1218 2413 μὴ
1268 2327 1567 2411 ἐπαχθὲς
1610 2343 1752 2406 τοῖς
1795 2321 2069 2414 ὕστερον
2117 2322 2412 2413 ἀναγνω-

263 2433 571 2513 σομένοις
619 2422 808 2509 αύτά,
855 2432 964 2496 καὶ
1011 2422 1182 2507 ὅλως
1228 2429 1400 2512 πρὸς
1443 2428 1526 2495 τὰ
1576 2429 1813 2497 ἔπειτα
1857 2435 2280 2498 κανονιστέον
2326 2428 2407 2495 τὰ

174 2542 237 2591 12
257 2534 558 2624 τοιαῦτα,
584 2524 754 2617 ὅπερ
769 2530 1005 2615 μικρόν
1020 2529 1291 2615 ὕστερον
1317 2531 1758 2615 ἐπιδείξομεν.
1792 2526 1830 2599 ὅ
1843 2527 1966 2599 σοὶ
1991 2533 2071 2598 δὲ
2099 2531 2372 2598 οἵοντα
2389 2557 2410 2596 ι

258 2636 528 2709 καλῶς
557 2633 920 2714 διαιρεῖν
953 2631 1026 2710 ἒς
1057 2632 1191 2699 δύο
1221 2631 1358 2721 τὴν
1392 2634 1798 2720 ἱστορίαν,
1849 2633 1925 2712 ἐς
1954 2633 2040 2701 τὸ
2075 2632 2412 2720 τερπνὸν

258 2737 390 2801 καὶ
433 2734 876 2821 χρήσιμον,
921 2738 1032 2800 καὶ
1067 2734 1178 2800 διὰ
1208 2737 1407 2801 τοῦτο
1445 2733 1800 2804 ἐσποιοῦσι
1843 2740 1952 2804 καὶ
1984 2728 2058 2803 τδ
2094 2734 2411 2821 ἐγκώμιον

262 2836 359 2914 εἰς
403 2830 607 2923 αὐτὴν
654 2832 744 2913 ὡς
786 2834 1074 2921 τερπνὸν
1118 2839 1228 2902 καὶ
1277 2831 1635 2924 εὐφραῖνον
1681 2837 1836 2914 τοὺς
1888 2833 2411 2924 ἐντυγχάνοντας,

262 2934 425 3026 ὁρᾷς
483 2932 644 3005 ὅσον
701 2931 1042 3025 τάληθοῦς
1100 2934 1550 3025 ἡμαρτήκασι,
1620 2944 1889 3027 πρῶτον
1945 2941 2063 3022 μὲν
2121 2938 2412 3024 κιβδήλῳ

260 3043 342 3127 τῇ
388 3040 715 3125 διαιρέσει
756 3038 1114 3125 χρώμενοι·
1174 3042 1242 3106 ἓν
1285 3039 1412 3125 γὰρ
1459 3040 1647 3128 ἔργον
1708 3043 2008 3126 ἱστορίας
2052 3044 2163 3108 καὶ
2206 3042 2411 3120 τέλος,

260 3140 335 3208 τὸ
379 3142 726 3229 χρήσιμον,
781 3133 952 3226 ὅπερ
1000 3141 1068 3206 ἐκ
1112 3145 1229 3208 τοῦ
1276 3136 1577 3229 ἀληθοῦς
1619 3142 1828 3227 μόνου
1876 3143 2244 3229 συνάγεται.
2334 3141 2409 3208 τὸ

261 3242 549 3327 τερπνὸν
597 3243 668 3308 δὲ
730 3237 1003 3326 ἄμεινον
1057 3243 1178 3325 μὲν
1225 3242 1439 3309 εἶκαὶ
1500 3239 1659 3310 αὐτὸ
1724 3244 2411 3330 παρακολουθήσειεν,

263 3338 493 3429 ὥσπερ
540 3347 655 3411 καὶ
697 3343 938 3422 κάλλος
985 3338 1280 3432 ἆθλητῇ,
1329 3345 1388 3411 εἰ
1436 3347 1507 3412 δὲ
1551 3346 1674 3434 μή,
1724 3341 1912 3414 οὐδὲν
1957 3346 2237 3412 κωλύσει
2280 3347 2413 3411 τῶν

180 3460 238 3509 13
261 3442 384 3536 ἀφ’
431 3444 838 3531 εΗρακλέους
880 3451 1200 3532 γενέσθαι
1231 3447 1692 3534 Νικόστρατον
1734 3443 2222 3529 τὸνἸσιδότου,
2268 3472 2412 3533 γεν-

266 3550 471 3616 νάδαν
503 3545 665 3614 ὄντα
694 3550 801 3614 καὶ
835 3552 969 3613 τῶν
1016 3543 1522 3634 ἀνταγωνιστῶν
1568 3549 1891 3637 ἑκατέρων
1942 3545 2414 3640 ἀλκιμώτερον,-

265 3652 322 3718 εἷ
371 3645 570 3727 αὐτὸς
614 3650 734 3733 μὲν
782 3648 1123 3731 αἴσχιστος
1169 3650 1269 3738 ε’ίη
1317 3645 1624 3740 ὀφθῆναι
1672 3650 1810 3740 [τὴν
1856 3647 2063 3738 ὅψιν],
2101 3648 2411 3731 Ἀλκαῖος

265 3754 336 3820 δὲ
393 3750 427 3820 ὃ
489 3751 691 3830 καλὸς
749 3747 783 3817 ὁ
833 3751 1181 3839 Μιλήσιος
1237 3748 1748 3838 ἀνταγωνίζοιτο
1810 3751 2020 3841 αὐτῷ,
2082 3759 2194 3822 καὶ
2252 3754 2411 3840 ἐρώ-

265 3880 478 3939 μενος,
526 3847 617 3932 ιῖἱς
664 3874 855 3941 φασι,
900 3857 1020 3921 τοῦ
1050 3854 1512 3940 Νικοστράτου
1558 3851 1670 3922 ὤν.
1749 3858 1859 3922 καὶ
1905 3863 2126 3924 τοίνυν
2157 3853 2196 3944 ἡ
2231 3859 2411 3923 ἱστο-

267 3965 399 4044 ρία,
445 3956 654 4039 εἰμὲν
701 3951 920 4033 ἄλλως
963 3956 1037 4023 τὸ
1087 3955 1373 4043 τερπνὸν
1418 3959 2074 4040 παρεμπορεύσαιτο,
2121 3956 2412 4032 πολλοὺς
