2800 4500
924 247 1188 302 ΑΛΗΘΟΪ
1194 248 1233 300 Σ
1266 248 1570 302 ΙΣΤΟΡῙΛΣ
1594 250 1650 302 Β.
2284 246 2359 304 51

197 418 443 494 λαντος
486 413 715 506 ἡλίου,
773 421 1041 484 τοιοῦτο
1088 421 1236 505 φῶς
1280 417 1504 501 ἐπέχει
1561 417 1684 506 τὴν
1738 422 1877 507 γῆν.
1965 420 2073 484 καὶ
2133 423 2364 501 μέντοι

192 522 313 586 καὶ
360 512 541 606 ὥραν
587 526 750 603 μίαν
796 520 988 587 ἰ’σασι
1031 524 1148 587 τοῦ
1197 520 1416 599 ἔτους·
1465 514 1571 588 άεὶ
1614 519 1741 607 γὰρ
1774 513 1942 606 παρ’
1983 515 2211 598 αύτοῖς
2242 520 2359 606 ἒάρ

195 620 346 688 ἐστὶ
389 625 503 688 καὶ
551 621 647 700 εἷς
679 617 921 706 ἄνεμος
952 616 1120 708 παρ’
1161 617 1388 701 αὐτοῖς
1420 619 1640 690 πνεῖὸ
1677 622 1975 711 ζέφυρος.
2071 628 2167 690 13.
2213 618 2251 709 ἡ
2286 623 2443 688 δὲ13

184 724 378 809 χώρα
424 728 601 791 πᾶσι
644 725 763 808 μὲν
811 722 1085 805 ἄνθεσι,
1148 727 1322 791 πᾶσι
1369 724 1442 792 δὲ
1494 739 1732 812 φυτοῖς
1789 720 2062 810 ἡμέροις
2118 748 2191 790 τε
2246 727 2358 791 καὶ

191 840 491 912 σκιεροῖς
534 829 850 914 τέθηλεν·
912 828 983 894 αἱ
1028 827 1149 912 μὲν
1194 826 1319 914 γάρ
1369 822 1665 910 ἄμπελοι
1712 826 2178 915 δωδεκάφοροί
2224 826 2358 893 εἰσι

186 931 306 995 καὶ
353 927 523 995 κατὰ
569 933 746 1015 μῆνα
791 929 1065 996 ἕκαστον
1108 933 1654 1017 καρποφοροῦσι·
1712 929 1835 1006 τὰς
1892 929 1963 995 δὲ
2009 926 2199 1016 ῥοιὰς
2242 933 2357 996 καὶ

184 1029 317 1109 τὰς
382 1033 631 1120 μηλέας
694 1036 807 1099 καὶ
871 1031 991 1121 τὴν
1046 1028 1250 1120 ἄλλην
1316 1025 1598 1118 ὀπώραν
1664 1030 1887 1117 ἔλεγον
1942 1027 2113 1097 εἶναι
2167 1054 2355 1116 τρισ-

184 1133 719 1220 καιδεκάφορον·
778 1133 925 1212 ἑνὸς
967 1133 1094 1220 γάρ
1138 1133 1347 1220 μηνὸς
1391 1138 1511 1200 τοῦ
1557 1126 1731 1221 παρ’
1794 1127 2020 1210 αὐτοῖς
2065 1132 2352 1219 ,Μινῴου

186 1236 299 1313 δὶς
343 1251 787 1325 καρποφορεῖ.
879 1230 1028 1305 άντὶ
1074 1237 1145 1303 δὲ
1190 1241 1409 1319 πυροῦ
1449 1237 1516 1303 οἱ
1549 1236 1822 1320 στάχυες
1854 1231 2055 1320 άρτον
2087 1233 2355 1319 ἕτοιμον

183 1330 306 1403 ἐπ’
362 1333 581 1424 ἄκρων
628 1338 912 1427 φύουσιν
957 1331 1188 1426 ὥσπερ
1233 1340 1546 1426 μύκητας.
1637 1342 1846 1428 πηγαὶ
1910 1338 1982 1404 δὲ
2029 1340 2186 1424 περὶ
2231 1336 2353 1421 τὴν

181 1441 397 1508 πόλιν
440 1433 684 1519 ῦδατος
726 1443 848 1525 μὲν
892 1447 1095 1508 πέντε
1136 1446 1250 1510 καὶ
1295 1441 1609 1530 ἑξήκοντα
1640 1445 1751 1508 καὶ
1782 1441 2183 1527 τριακόσιαι,
2229 1445 2349 1523 μέ-

181 1545 371 1621 λιτος
419 1543 492 1610 δὲ
537 1541 735 1611 ἄλλαι
779 1548 1136 1626 τοσαῦται,
1193 1544 1405 1631 μύρου
1453 1545 1525 1610 δὲ
1584 1545 2055 1626 πεντακόσιαι,
2113 1541 2348 1627 μικρό-

176 1670 378 1732 τεραι
420 1652 652 1731 μέντοι
690 1642 918 1714 αὗται·
962 1650 1074 1714 καὶ
1108 1650 1409 1731 ποταμοὶ
1453 1647 1782 1734 γάλακτος
1812 1646 1989 1714 ἑπτὰ
2018 1649 2130 1713 καὶ
2161 1645 2346 1713 οἴνου

174 1741 378 1814 ὀκτώ.
476 1756 574 1816 14.
619 1748 695 1816 τὸ
746 1750 817 1816 δὲ
850 1749 1232 1833 συμπόσιον
1265 1749 1390 1828 ἔξω
1425 1754 1541 1840 τῆς
1571 1749 1837 1828 πόλεως
1869 1756 2242 1838 πεποίηται
2275 1747 2342 1813 ἐν
2357 1762 2432 1818 14

173 1854 277 1935 τῷ
313 1843 609 1938 Ἠλυσίῳ
653 1853 1037 1938 καλουμένῳ
1085 1852 1335 1938 πεδίῳ·
1393 1851 1641 1935 λειμών
1686 1851 1759 1918 δέ
1804 1851 1947 1918 ἐστι
1989 1850 2344 1928 κάλλιστος

174 1955 289 2018 καὶ
338 1955 497 2037 περὶ
546 1952 749 2020 αὐτὸν
795 1946 915 2041 ῧλη
963 1960 1293 2034 παντοία,
1353 1953 1599 2040 πυκνή,
1663 1952 2144 2032 ἐπισκιάζουσα
2187 1950 2344 2028 τοὺς

171 2059 718 2139 κατακειμένους,
787 2059 900 2122 καὶ
968 2055 1272 2142 στρωμνὴ
1341 2057 1462 2140 μὲν
1532 2055 1600 2122 ἐκ
1657 2059 1790 2122 τῶν
1846 2049 2113 2122 άνθέων
2169 2050 2340 2120 ὓπο-

168 2159 522 2246 βέβληται.
626 2158 1089 2225 διακονοῦνται
1155 2158 1229 2225 δὲ
1293 2161 1405 2225 καὶ
1474 2158 1912 2246 διαφέρουσιν
1971 2157 2214 2224 ἕκαστα
2275 2158 2340 2223 οἱ

172 2256 417 2344 ἄνεμοι
475 2261 654 2347 πλήν
710 2286 783 2347 γε
841 2265 962 2328 τοῦ
1019 2262 1370 2345 οἰνοχοεῖν·
1440 2262 1680 2328 τούτου
1732 2260 1857 2348 γὰρ
1918 2254 1993 2327 οὗ
2054 2260 2337 2339 δέονται,

61 2366 335 2450 ιιεπερὶ
398 2363 470 2429 δὲ
528 2363 605 2430 τὸ
671 2364 1052 2448 συμπόσιον
1108 2361 1351 2432 ὖάλινά
1411 2363 1556 2431 ἐστι
1611 2358 1869 2450 μεγάλα
1927 2362 2164 2448 δένδρα
2224 2364 2340 2446 τῆς

171 2466 659 2555 διαυγεστάτης
704 2462 947 2548 ὖάλου,
1001 2471 1114 2535 καὶ.
1158 2466 1420 2553 καρπός
1466 2466 1608 2534 ἑστι
1653 2470 1785 2532 τῶν
1844 2465 2133 2551 δένδρων
2184 2463 2337 2530 τού-

166 2594 306 2635 των
352 2567 650 2657 ποτήρια
695 2582 989 2635 παντοῖα
1032 2571 1143 2636 καὶ
1185 2567 1307 2647 τὰς
1349 2567 1760 2646 κατασκευὰς
1789 2571 1900 2634 καὶ
1943 2567 2026 2633 τὰ
2057 2571 2334 2652 μεγέθη.

168 2670 456 2738 ἐπειδὰν
502 2657 618 2738 οῦν
662 2678 873 2759 παρίῃ
920 2696 1023 2750 τις
1070 2671 1137 2749 ἐς
1180 2670 1256 2739 τὸ
1320 2671 1732 2755 συμπόσιον,
1788 2672 2118 2760 τρυγήσας
2178 2671 2247 2736 ἓν
2292 2659 2334 2755 ἢ

164 2777 277 2840 καὶ
329 2773 448 2839 δύο
493 2777 629 2840 τῶν
676 2772 1091 2857 ἐκπωμάτων
1138 2779 1637 2859 παρατίθεται,
1696 2773 1778 2840 τὰ
1825 2774 1897 2841 δὲ
1944 2767 2180 2840 αὐτίκα
2228 2772 2330 2839 οἵ-

166 2901 283 2942 νου
342 2874 563 2962 πλήρη
623 2881 938 2962 γίγνεται.
1030 2868 1204 2942 οῦτω
1262 2876 1383 2959 μὲν
1443 2881 1776 2944 πίνουσιν.
1866 2869 2018 2943 άντὶ
2074 2875 2146 2942 δὲ
2199 2877 2332 2941 τῶν

165 2976 524 3064 στεφάνων
572 2978 641 3045 αἱ
689 2971 967 3066 άηδόνες
1009 2982 1123 3045 καὶ
1165 2977 1251 3046 τὰ
1297 2973 1469 3043 ἄλλα
1513 2977 1800 3061 μουσικὰ
1845 2974 2044 3065 ὄρνεα
2090 2977 2158 3043 ἐκ
2198 2979 2332 3043 τῶν

162 3081 459 3164 πλησίον
508 3079 849 3163 λειμώνων
905 3093 1051 3159 τοῖς
1109 3080 1440 3163 στόμασιν
1499 3074 2000 3166 ἀνθολογοῦντα
2057 3085 2327 3144 κατανί-

165 3207 285 3270 φει
334 3175 578 3261 αὖτοὺς
620 3176 771 3267 μετ’
825 3177 1003 3271 ᾠδῆς
1048 3179 1583 3271 ῦπερπετόμενα.
1670 3185 1781 3249 καὶ
1826 3183 1956 3270 μὴν
1990 3185 2102 3249 καὶ.
2130 3186 2327 3265 μυρί-

164 3284 395 3364 ζονται
441 3278 602 3350 ὦδε·
663 3286 941 3374 νεφέλαι
984 3289 1228 3354 πυκναὶ
1275 3279 1767 3353 ἀνασπάσασαι
1809 3284 2019 3371 μύρον
2078 3282 2147 3349 ἐκ
2189 3286 2325 3348 τῶν

165 3390 400 3474 πηγῶν
444 3389 557 3453 καὶ
603 3391 724 3453 τοῦ
767 3392 1080 3471 ποταμοῦ
1126 3391 1237 3455 καὶ
1285 3387 1652 3455 ἐπιστᾶσαι
1703 3382 1873 3473 ὑπὲρ
1931 3386 2007 3453 τὸ
2058 3384 2322 3469 συμπό-

164 3513 313 3557 σιον
357 3483 575 3579 ἠρέμα
618 3492 751 3556 τῶν
798 3484 1059 3574 ἀνέμων
1103 3486 1627 3576 ῦποθλιβόντων
1670 3491 1865 3557 ῧουσι
1895 3487 2145 3557 λεπτὸν
2188 3487 2321 3554 ὥσ-

160 3617 294 3676 περ
342 3592 605 3676 δρόσον.
702 3599 798 3660 15.
848 3591 963 3659 ἐπὶ
1010 3593 1081 3660 δὲ
1126 3597 1221 3679 τῷ
1267 3593 1523 3680 δείπνῳ
1553 3596 1837 3679 μουσικῇ
1869 3618 1939 3659 τε
1969 3595 2080 3659 καὶ
2112 3585 2319 3678 ᾠδαῖς
2338 3608 2407 3663 15

162 3693 630 3777 σχολάζουσιν·
687 3690 923 3783 ᾅδεται
967 3695 1038 3762 δὲ
1085 3689 1312 3773 αὐτοῖς
1368 3695 1455 3762 τὰ
1511 3698 1630 3762 τοῦ
1683 3695 1945 3784 Ομήρου
2002 3693 2131 3781 ἐ’πη
2189 3694 2322 3777 μά-

161 3799 395 3864 λιστα·
453 3800 565 3863 καὶ
611 3790 813 3875 αὐτὸς
870 3796 996 3884 γὰρ
1054 3798 1346 3883 πάρεστι
1400 3800 1510 3864 καὶ
1569 3811 2035 3879 συνευωχεῖται
2093 3788 2321 3871 αὐτοῖς

158 3895 334 3984 ὑπὲρ
367 3898 482 3965 τὸν
506 3895 842 3966 Ὃδυσσέα
869 3905 1362 3984 κατακείμενος.
1438 3900 1505 3966 οἱ
1533 3901 1656 3984 μὲν
1687 3885 1803 3966 οῦν
1828 3901 2019 3984 χοροὶ
2051 3896 2121 3963 ἐκ
2150 3902 2317 3962 παί-

159 4004 294 4068 δων
364 4001 495 4067 εἶσὶ
562 4004 676 4068 καὶ
735 4007 1133 4088 παρθένων·
1204 4000 1555 4088 ἐξάρχουσι
1611 4003 1683 4070 δὲ
1740 4004 1848 4067 καὶ
1922 3999 2318 4088 συνᾴδουσιν

1930 4103 1993 4153 4*
