2800 4500
387 202 423 259 6
1279 204 1645 257 ΛΟΥΚΙΑΝΟΥ

387 358 467 435 ἀν
510 368 665 445 τούς
711 367 993 455 ἐραστὰς
1039 367 1525 451 ἐπισπάσαιτο,
1582 365 1732 453 ἀχρι
1779 365 1842 435 δ’
1898 362 1981 437 ἀν
2025 375 2131 438 καὶ
2178 371 2381 455 μόνον
2429 373 2542 460 ἔχῃ

385 469 460 537 τὸ
511 471 686 537 ἰ’διον
732 470 1002 552 ἐντελές,
1052 474 1217 557 λέγω
1251 472 1323 538 δὲ
1354 472 1472 559 τὴν
1502 476 1619 559 τῆς
1665 466 1994 560 ἀληθείας
2040 472 2348 560 δήλωσιν,
2395 469 2544 541 όλί-

281 577 497 657 1ογον
541 574 660 637 τοῦ
702 571 983 651 κάλλους
1029 587 1351 661 φροντιεῖ.
1446 581 1545 641 10.
1594 574 1694 640 ἔτι
1752 568 2011 641 κάκεῖνο
2060 568 2279 642 εἰπεῖν
2326 571 2539 656 ἄξιον,

383 670 492 741 ὅτι
537 667 688 740 οὐδὲ
733 673 1019 759 τερπνὸν
1065 674 1133 741 ἐν
1181 669 1347 762 αὐτῇ
1378 674 1455 741 τὸ
1488 676 1730 764 κομιδῇ
1773 676 2089 759 μυθῶδες
2131 679 2242 742 καὶ
2284 675 2360 743 τὸ
2406 680 2545 742 τῶν
2568 685 2629 734 14

384 774 681 842 ἐπαίνων
710 775 1004 860 μάλιστα
1033 775 1412 860 πρόσαντες
1440 769 1609 863 παρ’
1650 775 1959 863 ἑκάτερον
1989 790 2131 854 τοῖς
2162 770 2541 858 ἀκούουσιν,

380 867 459 965 ἢν
489 876 578 965 μὴ
610 876 727 944 τὸν
759 877 1090 965 συρφετὸν
1132 880 1242 944 καὶ
1274 875 1393 944 τόν
1424 876 1639 943 πολὺν
1685 879 1894 966 δῆμον
1940 877 2318 967 ἐπινοήσῃς,
2366 872 2538 945 ἀλλὰ

379 977 534 1056 τοὺς
579 979 972 1058 δικαστικῶς
1014 981 1121 1046 καὶ
1171 979 1245 1068 νὴ
1294 984 1420 1048 Δία
1468 984 1966 1068 συκοφαντικῶς
2016 987 2298 1067 προσέτι
2338 1007 2412 1067 γε
2459 975 2541 1046 ἀ-

378 1085 882 1164 κροασομένους,
932 1081 1045 1160 οὓς
1092 1075 1207 1148 οὐκ
1239 1077 1319 1148 ἄν
1349 1108 1417 1148 τι
1464 1082 1672 1150 λάθοι
1715 1083 2179 1171 παραδραμόν,
2226 1076 2540 1166 ὀξύτερον

376 1182 497 1264 μὲν
555 1185 673 1248 τοῦ
703 1178 950 1270 ’Ἀργου
1011 1179 1309 1266 ὁρῶντας
1363 1186 1473 1250 καὶ
1538 1184 1968 1267 πανταχόθεν
2026 1188 2143 1251 τοῦ
2201 1184 2532 1267 σώματος,

382 1276 958 1370 ἀργυραμοιβικῶς
1018 1285 1090 1351 δὲ
1145 1288 1279 1351 τῶν
1346 1288 1714 1371 λεγομένων
1782 1284 2024 1353 ἕκαστα
2090 1284 2531 1365 ἐξετάζοντας,

378 1380 469 1463 ὥς
511 1383 595 1451 τὰ
638 1387 760 1470 μὲν
818 1393 1374 1472 παρακεκομμένα
1433 1382 1637 1465 εὐθὺς
1694 1382 2172 1475 ἀπορρίπτειν,
2233 1389 2532 1470 παραδέ-

371 1493 621 1569 χεσθαι
667 1489 738 1555 δὲ
782 1488 866 1556 τὰ
913 1489 1156 1574 δόκιμα
1212 1492 1323 1556 καὶ
1380 1488 1625 1574 ἔννομα
1684 1493 1796 1557 καὶ
1853 1484 2087 1577 ἀκριβῆ
2133 1489 2251 1557 τὸν
2294 1489 2529 1564 τύπον,

377 1587 551 1674 πρὸς
611 1588 724 1668 οὓς
783 1584 1262 1675 ἀποβλέποντα
1310 1590 1434 1679 χρὴ
1496 1591 1931 1680 συγγράφειν,
1991 1596 2124 1658 τῶν
2183 1584 2245 1657 δ’
2311 1586 2531 1658 ἀλλων

376 1685 598 1776 ὀλίγον
657 1693 1061 1780 φροντίζειν,
1118 1684 1239 1759 κάν
1287 1694 1736 1779 διαρραγῶσιν
1796 1692 2243 1771 ἐπαινοῦντες.
2332 1683 2412 1778 ἢν
2459 1693 2532 1758 δὲ

376 1785 712 1879 ἀμελήσας
756 1792 1021 1861 ἐκείνων
1077 1790 1317 1882 ἡδύνῃς
1360 1800 1538 1882 πέρα
1582 1798 1699 1860 τοῦ
1745 1801 2016 1879 μετρίου
2060 1793 2180 1880 τὴν
2228 1795 2531 1878 ἱστορίαν

374 1892 625 1976 μύθοις
679 1898 790 1962 καὶ
847 1895 1318 1985 ἐπαίνοιςχκαὶ
1376 1899 1455 1983 τῇ
1514 1891 1676 1982 ἄλλῃ
1735 1901 2046 1983 θωπείᾳ,
2112 1889 2372 1977 τάχιστ’
2449 1886 2529 1961 ἀν

375 1990 616 2078 ὁμοίαν
672 1991 876 2083 αὐτὴν
937 1997 1329 2083 ἐξεργάσαιο
1382 2000 1480 2083 τῶ
1527 1996 1594 2064 ἐν
1638 1998 1872 2086 Λυδία
1911 1994 2249 2083 (ΗρακλεΓ
2314 1995 2527 2084 ἑωρα-
2557 2015 2615 2064 15

372 2101 555 2165 κέναι
604 2098 728 2184 γάρ
787 2104 863 2185 σέ
918 2124 1052 2166 που
1109 2098 1282 2177 εἰκὸς
1333 2104 1810 2185 γεγραμμένον,
1869 2103 1951 2187 τῇ
1995 2093 2303 2187 Ὀμφάλῃ
2373 2098 2528 2165 δου-

376 2198 668 2283 λεύοντα,
713 2201 893 2268 πάνυ
927 2195 1289 2270 ἀλλόκοτον
1322 2200 1557 2290 σκευὴν
1604 2200 1908 2286 ἑκάτερον
1956 2200 2526 2286 ἐνεσκευασμένον,

374 2300 624 2391 ἐκείνην
667 2304 787 2388 μὲν
832 2303 949 2372 τὸν
997 2307 1229 2371 λέοντα
1277 2302 1480 2371 αὐτοῦ
1525 2305 2090 2391 περιβεβλημένην
2133 2306 2244 2369 καὶ
2287 2302 2365 2370 τὸ
2416 2303 2527 2382 ξύ-

374 2405 487 2470 λον
520 2403 588 2471 ἐν
616 2409 700 2493 τῇ
726 2409 894 2491 χειρὶ
944 2406 1240 2489 ἔχουσαν,
1287 2403 1378 2483 ῶς
1417 2402 1754 2493 (Ηρακλέα
1799 2406 2006 2494 δῆθεν
2052 2393 2274 2486 οὖσαν,
2325 2399 2529 2471 αὐτὸν

373 2505 444 2571 δὲ
491 2505 559 2572 ἐν
604 2512 914 2593 κροκωτῷ
969 2511 1081 2573 καὶ
1142 2508 1516 2595 πορφυρίδι
1575 2507 1721 2593 ἔρια
1780 2506 2092 2585 ξαίνοντα
2147 2511 2260 2575 καὶ
2317 2507 2526 2575 παιό-

369 2632 569 2691 μενον
613 2606 749 2676 ὗπό
809 2613 926 2698 τῆς
961 2604 1308 2697 Ὀμφάλης
1362 2611 1459 2694 τῷ
1520 2607 1894 2694 σανδαλίῳ,
1954 2611 2081 2687 [καὶ
2129 2607 2235 2694 τὸ]
2293 2615 2528 2693 θέαμα

374 2710 733 2793 αἴσχιστον,
782 2705 1241 2800 [ἀφεστῶσαὴ
1277 2708 1486 2795 ἐσθὴς
1530 2713 1647 2776 τοῦ
1695 2708 2003 2793 σώματος
2045 2713 2153 2777 καὶ
2185 2711 2274 2800 μὴ
2310 2734 2527 2796 προσ-

326 2811 689 2892 ·ιζάνουσα
748 2810 881 2900 καὶ]
941 2815 1061 2879 τοῦ
1120 2815 1290 2878 θεοῦ
1333 2810 1409 2878 τὸ
1473 2805 1805 2896 ἀνδρῶδες
1874 2804 2265 2899 ἀσχημόνως
2320 2840 2528 2881 κατα-

291 2914 848 3002 11θηλυνόμενον.
942 2921 1042 2982 11.
1089 2915 1198 2980 καὶ
1235 2913 1449 2996 οἱμὲν
1493 2913 1737 2980 πολλοὶ
1783 2913 1949 2992 ἴσως
1992 2916 2100 2980 καὶ
2145 2915 2357 2981 ταῦτά
2404 2939 2527 2983 σου

372 3015 875 3108 ἐπαινέσονται,
935 3017 1001 3083 οἱ
1047 3013 1264 3101 ὀλίγοι
1321 3015 1390 3080 δὲ
1453 3014 1744 3096 ἐκεῖνοι,-
1782 3009 1876 3081 ῶν
1922 3014 1999 3081 σὺ
2058 3032 2523 3104 καταφρονεῖς,

367 3118 550 3203 μάλα
594 3114 716 3208 ἡδὺ
759 3120 869 3184 καὶ
904 3116 970 3195 ἐς
1000 3116 1196 3200 κόρον
1241 3110 1656 3201 γελάσονται,
1704 3113 1990 3203 ὁρῶντες
2019 3116 2095 3182 τὸ
2132 3111 2527 3206 ἀσύμφυλον

367 3224 477 3287 καὶ
513 3214 929 3307 ἀνάρμοστον
972 3222 1083 3285 καὶ
1131 3217 1576 3304 δυσκόλλητον
1607 3222 1724 3285 τοῦ
1755 3218 2166 3305 πράγματος.
2245 3219 2527 3287 ἑκάστου
2554 3238 2616 3287 16

368 3320 492 3408 γὰρ
540 3321 617 3411 δὴ
678 3321 855 3388 ἰ’διόν
911 3347 977 3386 τι
1035 3320 1237 3386 καλόν
1297 3318 1509 3386 ἐστιν·
1572 3319 1631 3386 εἰ
1690 3320 1761 3386 δὲ
1819 3324 2016 3386 τοῦτο
2076 3320 2521 3403 ἐναλλάξειας,

369 3417 648 3501 ἀκαλλὲς
697 3423 772 3489 τὸ
838 3416 996 3489 αὐτὸ
1034 3419 1245 3507 ,παρὰ
1302 3420 1422 3510 τὴν
1477 3425 1708 3509 χρῆσιν
1764 3428 2076 3506 γίγνεται.
2169 3420 2256 3488 ἐῶ
2309 3425 2523 3509 λέγειν

366 3518 469 3591 ὅτι
518 3525 584 3590 οἱ
629 3523 901 3591 ἔπαινοι
961 3523 1057 3591 ἑνὶ
1114 3525 1234 3608 μὲν
1290 3523 1460 3601 ἴσως
1516 3529 1825 3608 τερπνοί,
1884 3527 1980 3608 τῷ
2040 3522 2520 3611 ἐπαινουμένῳ,

365 3639 510 3705 τοῖς
556 3620 621 3691 δ’
676 3623 906 3704 ἀλλοις
951 3624 1310 3709 ἐπαχθεῖς,
1368 3627 1478 3692 καὶ
1526 3625 1821 3709 μάλιστα
1863 3615 1944 3711 ἢν
1986 3620 2353 3712 ὑπερφυεῖς
2396 3627 2519 3704 τὰς

364 3724 743 3814 ὑπερβολὰς
790 3727 1045 3811 ἔχωσιν,
1094 3729 1278 3807 οἵους
1325 3721 1565 3804 αὖτοὺς
1609 3728 1672 3793 οἱ
1718 3729 1961 3793 πολλοὶ
2009 3720 2517 3813 ἀπεργάζονται,

362 3830 480 3918 τὴν
528 3826 789 3897 εὔνοιαν
833 3829 952 3919 τὴν
998 3831 1185 3917 παρὰ
1228 3834 1362 3895 τῶν
1426 3829 1921 3911 ἐπαινουμένων
1978 3828 2362 3914 θηρώμενοι
2407 3834 2518 3898 καὶ

365 3929 890 4020 ἐνδιατρίβοντες
959 3928 1107 4015 ἀχρι
1171 3936 1291 3998 τοῦ
1361 3935 1536 3997 πᾶσι
1604 3933 1922 4017 προφανῆ
1988 3928 2105 4017 τὴν
2171 3932 2517 3999 κολακείαν
