<?xml version="1.0" encoding="UTF-8"?>
<!DOCTYPE html PUBLIC "-//W3C//DTD XHTML 1.0 Transitional//EN"
    "http://www.w3.org/TR/xhtml1/DTD/xhtml1-transitional.dtd">
<html xmlns="http://www.w3.org/1999/xhtml" xml:lang="en" lang="en">
 <head>
  <title>
</title>
<meta http-equiv="Content-Type" content="text/html;charset=utf-8" />
  <meta name='ocr-system' content='tesseract 3.04.00' />
  <meta name='ocr-capabilities' content='ocr_page ocr_carea ocr_par ocr_line ocrx_word'/>
</head>
<body>
  <div class='ocr_page' id='page_1' title='image "./lucianus00sommgoog/lucianus00sommgoog_0056.png"; bbox 0 0 2800 4500; ppageno 0'>
   <div class='ocr_carea' id='block_1_1' title="bbox 430 232 1716 295">
    <p class='ocr_par' dir='ltr' id='par_1_1' title="bbox 430 232 1716 295">
     <span class='ocr_line' id='line_1_1' title="bbox 430 232 1716 295; baseline -0.002 -8"><span class='ocrx_word' id='word_1_1' title='bbox 430 236 509 295; x_wconf 84' lang='lat'><em>40</em></span> <span class='ocrx_word' id='word_1_2' title='bbox 1344 232 1716 287; x_wconf 79' lang='grc' dir='ltr'><strong>ΔΟΥΚΙΑΝΟΥ</strong></span> 
     </span>
    </p>
   </div>
   <div class='ocr_carea' id='block_1_2' title="bbox 324 399 2668 4075">
    <p class='ocr_par' dir='ltr' id='par_1_2' title="bbox 324 399 2668 4075">
     <span class='ocr_line' id='line_1_2' title="bbox 430 399 2584 493; baseline -0.002 -19"><span class='ocrx_word' id='word_1_3' title='bbox 430 430 669 492; x_wconf 88' lang='grc' dir='ltr'><em>σαμεν,</em></span> <span class='ocrx_word' id='word_1_4' title='bbox 735 412 1141 490; x_wconf 73' lang='grc' dir='ltr'><em>θαυμασίως</em></span> <span class='ocrx_word' id='word_1_5' title='bbox 1185 401 1672 493; x_wconf 71' lang='grc' dir='ltr'><strong><em>ὑπερηδόμεθα</em></strong></span> <span class='ocrx_word' id='word_1_6' title='bbox 1720 405 1832 469; x_wconf 89' lang='grc' dir='ltr'><em>καὶ</em></span> <span class='ocrx_word' id='word_1_7' title='bbox 1892 399 2413 487; x_wconf 75' lang='grc' dir='ltr'><em>ὑπερεχαίρομεν</em></span> <span class='ocrx_word' id='word_1_8' title='bbox 2468 405 2584 470; x_wconf 90' lang='grc' dir='ltr'><em>καὶ</em></span> 
     </span>
     <span class='ocr_line' id='line_1_3' title="bbox 427 503 2658 598; baseline -0.004 -22"><span class='ocrx_word' id='word_1_9' title='bbox 427 514 657 578; x_wconf 81' lang='grc' dir='ltr'><em>πᾶσαν</em></span> <span class='ocrx_word' id='word_1_10' title='bbox 732 503 1144 598; x_wconf 84' lang='grc' dir='ltr'><em>εῦφροσύνην</em></span> <span class='ocrx_word' id='word_1_11' title='bbox 1217 505 1287 574; x_wconf 85' lang='grc' dir='ltr'><em>ἐκ</em></span> <span class='ocrx_word' id='word_1_12' title='bbox 1351 510 1484 573; x_wconf 80' lang='grc' dir='ltr'><em>τῶν</em></span> <span class='ocrx_word' id='word_1_13' title='bbox 1558 506 1913 593; x_wconf 90' lang='grc' dir='ltr'><em>παρόντων</em></span> <span class='ocrx_word' id='word_1_14' title='bbox 1981 503 2407 589; x_wconf 74' lang='grc' dir='ltr'><em>ἐποιούμεθα</em></span> <span class='ocrx_word' id='word_1_15' title='bbox 2471 507 2658 571; x_wconf 72' lang='grc' dir='ltr'><em>καὶ94</em></span> 
     </span>
     <span class='ocr_line' id='line_1_4' title="bbox 429 592 2584 698; baseline -0.002 -20"><span class='ocrx_word' id='word_1_16' title='bbox 429 607 809 696; x_wconf 77' lang='grc' dir='ltr'><em>ἀποβάντες</em></span> <span class='ocrx_word' id='word_1_17' title='bbox 869 610 1276 698; x_wconf 81' lang='grc' dir='ltr'><em>ἐνηχόμεθα’</em></span> <span class='ocrx_word' id='word_1_18' title='bbox 1345 612 1459 677; x_wconf 91' lang='grc' dir='ltr'><em>καὶ</em></span> <span class='ocrx_word' id='word_1_19' title='bbox 1518 608 1643 695; x_wconf 85' lang='grc' dir='ltr'><em>γὰρ</em></span> <span class='ocrx_word' id='word_1_20' title='bbox 1702 609 1884 690; x_wconf 89' lang='grc' dir='ltr'><em>ε’τυχε</em></span> <span class='ocrx_word' id='word_1_21' title='bbox 1939 608 2184 696; x_wconf 89' lang='grc' dir='ltr'><em>γαλήνη</em></span> <span class='ocrx_word' id='word_1_22' title='bbox 2242 592 2412 673; x_wconf 83' lang='grc' dir='ltr'><em>οῦσα</em></span> <span class='ocrx_word' id='word_1_23' title='bbox 2468 611 2584 674; x_wconf 89' lang='grc' dir='ltr'><em>καὶ</em></span> 
     </span>
     <span class='ocr_line' id='line_1_5' title="bbox 429 704 2583 799; baseline -0.003 -17"><span class='ocrx_word' id='word_1_24' title='bbox 429 710 804 782; x_wconf 75' lang='grc' dir='ltr'><em>εὐσταθοῦν</em></span> <span class='ocrx_word' id='word_1_25' title='bbox 859 740 933 780; x_wconf 91' lang='grc' dir='ltr'><em>το</em></span> <span class='ocrx_word' id='word_1_26' title='bbox 998 713 1308 797; x_wconf 88' lang='grc' dir='ltr'><em>πέλαγος.</em></span> <span class='ocrx_word' id='word_1_27' title='bbox 1400 711 1573 779; x_wconf 88' lang='grc' dir='ltr'><em>εὀικε</em></span> <span class='ocrx_word' id='word_1_28' title='bbox 1632 711 1703 777; x_wconf 81' lang='grc' dir='ltr'><em>δὲ</em></span> <span class='ocrx_word' id='word_1_29' title='bbox 1762 704 1923 799; x_wconf 81' lang='grc' dir='ltr'><em>ἆρχὴ</em></span> <span class='ocrx_word' id='word_1_30' title='bbox 1985 713 2200 777; x_wconf 81' lang='grc' dir='ltr'><em>κακῶν</em></span> <span class='ocrx_word' id='word_1_31' title='bbox 2255 709 2583 794; x_wconf 84' lang='grc' dir='ltr'><em>μειζόνων</em></span> 
     </span>
     <span class='ocr_line' id='line_1_6' title="bbox 425 810 2582 904; baseline -0.003 -20"><span class='ocrx_word' id='word_1_32' title='bbox 425 822 781 904; x_wconf 88' lang='grc' dir='ltr'><em>γίγνεσθαι</em></span> <span class='ocrx_word' id='word_1_33' title='bbox 837 814 1165 892; x_wconf 83' lang='grc' dir='ltr'><em>πολλάκις</em></span> <span class='ocrx_word' id='word_1_34' title='bbox 1220 810 1260 903; x_wconf 82' lang='grc' dir='ltr'>ἡ</span> <span class='ocrx_word' id='word_1_35' title='bbox 1320 812 1495 900; x_wconf 86' lang='grc' dir='ltr'><em>πρὸς</em></span> <span class='ocrx_word' id='word_1_36' title='bbox 1549 813 1626 880; x_wconf 87' lang='grc' dir='ltr'><em>τὸ</em></span> <span class='ocrx_word' id='word_1_37' title='bbox 1689 816 1954 898; x_wconf 87' lang='grc' dir='ltr'><em>βέλτιον</em></span> <span class='ocrx_word' id='word_1_38' title='bbox 2012 812 2378 900; x_wconf 89' lang='grc' dir='ltr'><em>μεταβολή·</em></span> <span class='ocrx_word' id='word_1_39' title='bbox 2469 815 2582 879; x_wconf 86' lang='grc' dir='ltr'><em>καὶ</em></span> 
     </span>
     <span class='ocr_line' id='line_1_7' title="bbox 424 910 2586 1009; baseline -0.002 -24"><span class='ocrx_word' id='word_1_40' title='bbox 424 918 550 1007; x_wconf 83' lang='grc' dir='ltr'><em>γὰρ</em></span> <span class='ocrx_word' id='word_1_41' title='bbox 615 915 807 1009; x_wconf 81' lang='grc' dir='ltr'><em>ἡμεῖς</em></span> <span class='ocrx_word' id='word_1_42' title='bbox 873 917 988 985; x_wconf 90' lang='grc' dir='ltr'><em>δύο</em></span> <span class='ocrx_word' id='word_1_43' title='bbox 1045 917 1256 1001; x_wconf 90' lang='grc' dir='ltr'><em>μόνας</em></span> <span class='ocrx_word' id='word_1_44' title='bbox 1312 913 1563 1005; x_wconf 82' lang='grc' dir='ltr'><em>ἡμέρας</em></span> <span class='ocrx_word' id='word_1_45' title='bbox 1624 914 1691 983; x_wconf 88' lang='grc' dir='ltr'><em>ἐν</em></span> <span class='ocrx_word' id='word_1_46' title='bbox 1750 910 1940 1003; x_wconf 78' lang='grc' dir='ltr'><em>εὑδίᾳ</em></span> <span class='ocrx_word' id='word_1_47' title='bbox 1997 916 2404 994; x_wconf 82' lang='grc' dir='ltr'><em>πλεύσαντες</em></span> <span class='ocrx_word' id='word_1_48' title='bbox 2465 919 2586 1004; x_wconf 82' lang='grc' dir='ltr'><em>τῆς</em></span> 
     </span>
     <span class='ocr_line' id='line_1_8' title="bbox 425 1010 2585 1110; baseline -0.003 -21"><span class='ocrx_word' id='word_1_49' title='bbox 425 1030 653 1110; x_wconf 83' lang='grc' dir='ltr'><em>τρίτης</em></span> <span class='ocrx_word' id='word_1_50' title='bbox 719 1017 1230 1108; x_wconf 75' lang='grc' dir='ltr'><em>ὑποφαινούσης</em></span> <span class='ocrx_word' id='word_1_51' title='bbox 1295 1019 1471 1105; x_wconf 87' lang='grc' dir='ltr'><em>πρὸς</em></span> <span class='ocrx_word' id='word_1_52' title='bbox 1539 1014 1891 1102; x_wconf 74' lang='grc' dir='ltr'><em>ἀνίσχοντα</em></span> <span class='ocrx_word' id='word_1_53' title='bbox 1955 1017 2071 1086; x_wconf 87' lang='grc' dir='ltr'><em>τὸν</em></span> <span class='ocrx_word' id='word_1_54' title='bbox 2136 1010 2323 1107; x_wconf 74' lang='grc' dir='ltr'><em>ἥλιον</em></span> <span class='ocrx_word' id='word_1_55' title='bbox 2383 1013 2585 1105; x_wconf 71' lang='grc' dir='ltr'><em>ἄφνω</em></span> 
     </span>
     <span class='ocr_line' id='line_1_9' title="bbox 426 1116 2585 1211; baseline -0.002 -19"><span class='ocrx_word' id='word_1_56' title='bbox 426 1124 688 1211; x_wconf 78' lang='grc' dir='ltr'><em>ὁρῶμεν</em></span> <span class='ocrx_word' id='word_1_57' title='bbox 733 1129 947 1210; x_wconf 88' lang='grc' dir='ltr'><em>θηρία</em></span> <span class='ocrx_word' id='word_1_58' title='bbox 990 1126 1104 1190; x_wconf 84' lang='grc' dir='ltr'><em>καὶ</em></span> <span class='ocrx_word' id='word_1_59' title='bbox 1146 1121 1308 1211; x_wconf 84' lang='grc' dir='ltr'><em>κήτη</em></span> <span class='ocrx_word' id='word_1_60' title='bbox 1355 1121 1577 1188; x_wconf 84' lang='grc' dir='ltr'><em>πολλὰ</em></span> <span class='ocrx_word' id='word_1_61' title='bbox 1622 1122 1741 1206; x_wconf 83' lang='grc' dir='ltr'><em>μὲν</em></span> <span class='ocrx_word' id='word_1_62' title='bbox 1787 1123 1897 1187; x_wconf 87' lang='grc' dir='ltr'><em>καὶ</em></span> <span class='ocrx_word' id='word_1_63' title='bbox 1943 1116 2132 1200; x_wconf 70' lang='grc' dir='ltr'><em>ἄλλα,</em></span> <span class='ocrx_word' id='word_1_64' title='bbox 2181 1121 2248 1186; x_wconf 79' lang='grc' dir='ltr'><em>ἓν</em></span> <span class='ocrx_word' id='word_1_65' title='bbox 2288 1120 2360 1186; x_wconf 80' lang='grc' dir='ltr'><em>δὲ</em></span> <span class='ocrx_word' id='word_1_66' title='bbox 2391 1124 2585 1205; x_wconf 87' lang='grc' dir='ltr'><em>μέγι-</em></span> 
     </span>
     <span class='ocr_line' id='line_1_10' title="bbox 426 1218 2581 1306; baseline -0.002 -12"><span class='ocrx_word' id='word_1_67' title='bbox 426 1251 584 1294; x_wconf 90' lang='grc' dir='ltr'><em>στον</em></span> <span class='ocrx_word' id='word_1_68' title='bbox 630 1222 949 1292; x_wconf 77' lang='grc' dir='ltr'><em>ἁπάντων</em></span> <span class='ocrx_word' id='word_1_69' title='bbox 992 1218 1154 1291; x_wconf 76' lang='grc' dir='ltr'><em>ὅσον</em></span> <span class='ocrx_word' id='word_1_70' title='bbox 1201 1225 1492 1290; x_wconf 80' lang='grc' dir='ltr'><em>σταδίων</em></span> <span class='ocrx_word' id='word_1_71' title='bbox 1541 1225 1774 1306; x_wconf 89' lang='grc' dir='ltr'><em>χιλίων</em></span> <span class='ocrx_word' id='word_1_72' title='bbox 1831 1226 1941 1289; x_wconf 85' lang='grc' dir='ltr'><em>καὶ</em></span> <span class='ocrx_word' id='word_1_73' title='bbox 1986 1229 2445 1290; x_wconf 86' lang='grc' dir='ltr'><em>πεντακοσίων</em></span> <span class='ocrx_word' id='word_1_74' title='bbox 2503 1220 2581 1289; x_wconf 83' lang='grc' dir='ltr'><em>τὸ</em></span> 
     </span>
     <span class='ocr_line' id='line_1_11' title="bbox 424 1323 2585 1416; baseline -0.002 -22"><span class='ocrx_word' id='word_1_75' title='bbox 424 1333 742 1415; x_wconf 88' lang='grc' dir='ltr'><em>μέγεθος·</em></span> <span class='ocrx_word' id='word_1_76' title='bbox 802 1327 999 1416; x_wconf 84' lang='grc' dir='ltr'><em>ἐπῄει</em></span> <span class='ocrx_word' id='word_1_77' title='bbox 1044 1328 1115 1394; x_wconf 82' lang='grc' dir='ltr'><em>δὲ</em></span> <span class='ocrx_word' id='word_1_78' title='bbox 1159 1326 1427 1415; x_wconf 87' lang='grc' dir='ltr'><em>κεχηνὸς</em></span> <span class='ocrx_word' id='word_1_79' title='bbox 1471 1330 1583 1393; x_wconf 87' lang='grc' dir='ltr'><em>καὶ</em></span> <span class='ocrx_word' id='word_1_80' title='bbox 1628 1326 1761 1412; x_wconf 88' lang='grc' dir='ltr'><em>πρὸ</em></span> <span class='ocrx_word' id='word_1_81' title='bbox 1809 1328 2065 1393; x_wconf 90' lang='grc' dir='ltr'><em>πολλοῦ</em></span> <span class='ocrx_word' id='word_1_82' title='bbox 2098 1325 2429 1413; x_wconf 83' lang='grc' dir='ltr'><em>ταράττον</em></span> <span class='ocrx_word' id='word_1_83' title='bbox 2460 1323 2585 1413; x_wconf 85' lang='grc' dir='ltr'><em>τὴν</em></span> 
     </span>
     <span class='ocr_line' id='line_1_12' title="bbox 426 1421 2584 1518; baseline -0 -23"><span class='ocrx_word' id='word_1_84' title='bbox 426 1430 776 1497; x_wconf 87' lang='grc' dir='ltr'><em>θάλατταν</em></span> <span class='ocrx_word' id='word_1_85' title='bbox 822 1423 1021 1518; x_wconf 71' lang='grc' dir='ltr'><em>ἀφρῷ</em></span> <span class='ocrx_word' id='word_1_86' title='bbox 1067 1453 1141 1495; x_wconf 91' lang='grc' dir='ltr'><em>τε</em></span> <span class='ocrx_word' id='word_1_87' title='bbox 1185 1428 1737 1514; x_wconf 86' lang='grc' dir='ltr'><em>περικλυζόμενον</em></span> <span class='ocrx_word' id='word_1_88' title='bbox 1780 1430 1889 1495; x_wconf 82' lang='grc' dir='ltr'><em>καὶ</em></span> <span class='ocrx_word' id='word_1_89' title='bbox 1936 1425 2091 1506; x_wconf 82' lang='grc' dir='ltr'><em>τοὺς</em></span> <span class='ocrx_word' id='word_1_90' title='bbox 2146 1421 2429 1506; x_wconf 79' lang='grc' dir='ltr'><em>ὀδόντας</em></span> <span class='ocrx_word' id='word_1_91' title='bbox 2478 1427 2584 1494; x_wconf 87' lang='grc' dir='ltr'><em>ἐκ·</em></span> 
     </span>
     <span class='ocr_line' id='line_1_13' title="bbox 428 1524 2586 1620; baseline 0 -22"><span class='ocrx_word' id='word_1_92' title='bbox 428 1545 670 1620; x_wconf 86' lang='grc' dir='ltr'><em>φαῖνον</em></span> <span class='ocrx_word' id='word_1_93' title='bbox 716 1530 889 1597; x_wconf 80' lang='grc' dir='ltr'><em>πολὺ</em></span> <span class='ocrx_word' id='word_1_94' title='bbox 934 1535 1064 1597; x_wconf 80' lang='grc' dir='ltr'><em>τῶν</em></span> <span class='ocrx_word' id='word_1_95' title='bbox 1110 1524 1282 1619; x_wconf 55' lang='grc' dir='ltr'><em>παρ)</em></span> <span class='ocrx_word' id='word_1_96' title='bbox 1335 1527 1496 1619; x_wconf 84' lang='grc' dir='ltr'><em>ἡμῖν</em></span> <span class='ocrx_word' id='word_1_97' title='bbox 1542 1533 1818 1618; x_wconf 81' lang='grc' dir='ltr'><em>φαλλῶν</em></span> <span class='ocrx_word' id='word_1_98' title='bbox 1861 1527 2347 1619; x_wconf 82' lang='grc' dir='ltr'><em>ὑψηλοτέρους,</em></span> <span class='ocrx_word' id='word_1_99' title='bbox 2404 1524 2586 1609; x_wconf 79' lang='grc' dir='ltr'><em>ὀξεῖς</em></span> 
     </span>
     <span class='ocr_line' id='line_1_14' title="bbox 427 1626 2586 1720; baseline -0 -19"><span class='ocrx_word' id='word_1_100' title='bbox 427 1636 499 1702; x_wconf 82' lang='grc' dir='ltr'><em>δὲ</em></span> <span class='ocrx_word' id='word_1_101' title='bbox 544 1635 805 1712; x_wconf 89' lang='grc' dir='ltr'><em>πάντας</em></span> <span class='ocrx_word' id='word_1_102' title='bbox 850 1627 1078 1718; x_wconf 78' lang='grc' dir='ltr'><em>ὥσπερ</em></span> <span class='ocrx_word' id='word_1_103' title='bbox 1124 1633 1465 1712; x_wconf 87' lang='grc' dir='ltr'><em>σκόλοπας</em></span> <span class='ocrx_word' id='word_1_104' title='bbox 1516 1636 1625 1700; x_wconf 86' lang='grc' dir='ltr'><em>καὶ</em></span> <span class='ocrx_word' id='word_1_105' title='bbox 1687 1632 1955 1710; x_wconf 78' lang='grc' dir='ltr'><em>λευκοὺς</em></span> <span class='ocrx_word' id='word_1_106' title='bbox 2010 1626 2238 1718; x_wconf 77' lang='grc' dir='ltr'><em>ὥσπερ</em></span> <span class='ocrx_word' id='word_1_107' title='bbox 2297 1633 2586 1720; x_wconf 90' lang='grc' dir='ltr'><em>ἐλεφαν-</em></span> 
     </span>
     <span class='ocr_line' id='line_1_15' title="bbox 425 1729 2585 1822; baseline 0 -20"><span class='ocrx_word' id='word_1_108' title='bbox 425 1744 666 1815; x_wconf 89' lang='grc' dir='ltr'><em>τίνους.</em></span> <span class='ocrx_word' id='word_1_109' title='bbox 752 1733 943 1821; x_wconf 84' lang='grc' dir='ltr'><em>ἡμεῖς</em></span> <span class='ocrx_word' id='word_1_110' title='bbox 985 1737 1107 1820; x_wconf 82' lang='grc' dir='ltr'><em>μὲν</em></span> <span class='ocrx_word' id='word_1_111' title='bbox 1152 1735 1267 1804; x_wconf 82' lang='grc' dir='ltr'><em>οὖν</em></span> <span class='ocrx_word' id='word_1_112' title='bbox 1311 1737 1386 1803; x_wconf 84' lang='grc' dir='ltr'><em>τὸ</em></span> <span class='ocrx_word' id='word_1_113' title='bbox 1435 1729 1720 1803; x_wconf 90' lang='grc' dir='ltr'><em>ύστατον</em></span> <span class='ocrx_word' id='word_1_114' title='bbox 1777 1730 2102 1821; x_wconf 89' lang='grc' dir='ltr'><em>αλλήλους</em></span> <span class='ocrx_word' id='word_1_115' title='bbox 2159 1736 2585 1822; x_wconf 88' lang='grc' dir='ltr'><em>προσειπόν-</em></span> 
     </span>
     <span class='ocr_line' id='line_1_16' title="bbox 426 1834 2583 1928; baseline 0.001 -24"><span class='ocrx_word' id='word_1_116' title='bbox 426 1864 534 1917; x_wconf 90' lang='grc' dir='ltr'><em>τες</em></span> <span class='ocrx_word' id='word_1_117' title='bbox 597 1841 709 1906; x_wconf 85' lang='grc' dir='ltr'><em>καὶ</em></span> <span class='ocrx_word' id='word_1_118' title='bbox 775 1838 1252 1926; x_wconf 83' lang='grc' dir='ltr'><em>περιβαλόντες</em></span> <span class='ocrx_word' id='word_1_119' title='bbox 1319 1836 1804 1922; x_wconf 86' lang='grc' dir='ltr'><em>ἐμένομεν·τὸ</em></span> <span class='ocrx_word' id='word_1_120' title='bbox 1877 1838 1948 1904; x_wconf 83' lang='grc' dir='ltr'><em>δὲ</em></span> <span class='ocrx_word' id='word_1_121' title='bbox 2005 1834 2127 1926; x_wconf 78' lang='grc' dir='ltr'><em>ἤδη</em></span> <span class='ocrx_word' id='word_1_122' title='bbox 2188 1842 2410 1928; x_wconf 85' lang='grc' dir='ltr'><em>παρῆν</em></span> <span class='ocrx_word' id='word_1_123' title='bbox 2468 1842 2583 1906; x_wconf 81' lang='grc' dir='ltr'><em>καὶ</em></span> 
     </span>
     <span class='ocr_line' id='line_1_17' title="bbox 428 1933 2583 2030; baseline 0 -24"><span class='ocrx_word' id='word_1_124' title='bbox 428 1934 904 2028; x_wconf 87' lang='grc' dir='ltr'><em>αναρροφῆσαν</em></span> <span class='ocrx_word' id='word_1_125' title='bbox 947 1936 1122 2029; x_wconf 81' lang='grc' dir='ltr'><em>ἡμᾶς</em></span> <span class='ocrx_word' id='word_1_126' title='bbox 1168 1934 1331 2028; x_wconf 77' lang='grc' dir='ltr'><em>αὐτῇ</em></span> <span class='ocrx_word' id='word_1_127' title='bbox 1376 1943 1482 2028; x_wconf 85' lang='grc' dir='ltr'><em>νηὶ</em></span> <span class='ocrx_word' id='word_1_128' title='bbox 1541 1933 2044 2007; x_wconf 83' lang='grc' dir='ltr'><em>κατέπιεν.οῦ</em></span> <span class='ocrx_word' id='word_1_129' title='bbox 2101 1944 2331 2024; x_wconf 87' lang='grc' dir='ltr'><em>μέντοι</em></span> <span class='ocrx_word' id='word_1_130' title='bbox 2390 1940 2583 2030; x_wconf 86' lang='grc' dir='ltr'><em>ε’φθη</em></span> 
     </span>
     <span class='ocr_line' id='line_1_18' title="bbox 430 2035 2582 2133; baseline 0 -24"><span class='ocrx_word' id='word_1_131' title='bbox 430 2042 795 2129; x_wconf 86' lang='grc' dir='ltr'><em>συναράξαι</em></span> <span class='ocrx_word' id='word_1_132' title='bbox 851 2056 995 2120; x_wconf 91' lang='grc' dir='ltr'><em>τοῖς</em></span> <span class='ocrx_word' id='word_1_133' title='bbox 1052 2036 1353 2123; x_wconf 81' lang='grc' dir='ltr'><em>ὀδοῦσιν,</em></span> <span class='ocrx_word' id='word_1_134' title='bbox 1427 2036 1595 2108; x_wconf 76' lang='grc' dir='ltr'><em>ἀλλὰ</em></span> <span class='ocrx_word' id='word_1_135' title='bbox 1665 2041 1776 2109; x_wconf 82' lang='grc' dir='ltr'><em>διὰ</em></span> <span class='ocrx_word' id='word_1_136' title='bbox 1842 2045 1973 2108; x_wconf 80' lang='grc' dir='ltr'><em>τῶν</em></span> <span class='ocrx_word' id='word_1_137' title='bbox 2031 2035 2483 2127; x_wconf 73' lang='grc' dir='ltr'><em>ἀραιωμάτων</em></span> <span class='ocrx_word' id='word_1_138' title='bbox 2542 2039 2582 2133; x_wconf 83' lang='grc' dir='ltr'><strong><em>ἡ</em></strong></span> 
     </span>
     <span class='ocr_line' id='line_1_19' title="bbox 339 2143 2668 2233; baseline 0.001 -22"><span class='ocrx_word' id='word_1_139' title='bbox 339 2163 410 2219; x_wconf 74' lang='lat'><em>31</em></span> <span class='ocrx_word' id='word_1_140' title='bbox 431 2147 589 2223; x_wconf 83' lang='grc' dir='ltr'><em>ναῦς</em></span> <span class='ocrx_word' id='word_1_141' title='bbox 634 2143 700 2223; x_wconf 89' lang='grc' dir='ltr'><em>ἐς</em></span> <span class='ocrx_word' id='word_1_142' title='bbox 742 2143 818 2211; x_wconf 87' lang='grc' dir='ltr'><em>τὸ</em></span> <span class='ocrx_word' id='word_1_143' title='bbox 868 2144 999 2213; x_wconf 87' lang='grc' dir='ltr'><em>ε’σω</em></span> <span class='ocrx_word' id='word_1_144' title='bbox 1046 2144 1447 2223; x_wconf 81' lang='grc' dir='ltr'><em>διεξέπεσεν.</em></span> <span class='ocrx_word' id='word_1_145' title='bbox 1537 2151 1639 2214; x_wconf 87' lang='grc'><em>31.</em></span> <span class='ocrx_word' id='word_1_146' title='bbox 1700 2143 1848 2210; x_wconf 88' lang='grc' dir='ltr'><em>ἐπεὶ</em></span> <span class='ocrx_word' id='word_1_147' title='bbox 1898 2144 1969 2211; x_wconf 84' lang='grc' dir='ltr'><em>δὲ</em></span> <span class='ocrx_word' id='word_1_148' title='bbox 2014 2144 2201 2213; x_wconf 86' lang='grc' dir='ltr'><em>ε’νδον</em></span> <span class='ocrx_word' id='word_1_149' title='bbox 2244 2131 2441 2233; x_wconf 78' lang='grc' dir='ltr'><em>ἦμεν,</em></span> <span class='ocrx_word' id='word_1_150' title='bbox 2505 2172 2572 2213; x_wconf 82' lang='grc' dir='ltr'><em>τ(</em></span> <span class='ocrx_word' id='word_1_151' title='bbox 2611 2163 2668 2214; x_wconf 75' lang='lat'><em>95</em></span> 
     </span>
     <span class='ocr_line' id='line_1_20' title="bbox 425 2239 2582 2369; baseline 0.001 -55"><span class='ocrx_word' id='word_1_152' title='bbox 425 2250 546 2332; x_wconf 82' lang='grc' dir='ltr'><em>μὲν</em></span> <span class='ocrx_word' id='word_1_153' title='bbox 597 2252 866 2369; x_wconf 57' lang='grc' dir='ltr'><em>πρξῦτον</em></span> <span class='ocrx_word' id='word_1_154' title='bbox 923 2247 1158 2327; x_wconf 86' lang='grc' dir='ltr'><em>σκότος</em></span> <span class='ocrx_word' id='word_1_155' title='bbox 1213 2245 1293 2334; x_wconf 81' lang='grc' dir='ltr'><em>ἦν</em></span> <span class='ocrx_word' id='word_1_156' title='bbox 1348 2251 1460 2315; x_wconf 85' lang='grc' dir='ltr'><em>καὶ</em></span> <span class='ocrx_word' id='word_1_157' title='bbox 1520 2242 1709 2315; x_wconf 81' lang='grc' dir='ltr'><em>οῦδὲν</em></span> <span class='ocrx_word' id='word_1_158' title='bbox 1770 2246 2108 2334; x_wconf 79' lang='grc' dir='ltr'><em>εωρῶμεν,</em></span> <span class='ocrx_word' id='word_1_159' title='bbox 2168 2239 2444 2332; x_wconf 86' lang='grc' dir='ltr'><em>ύστερον</em></span> <span class='ocrx_word' id='word_1_160' title='bbox 2509 2250 2582 2316; x_wconf 83' lang='grc' dir='ltr'><em>δὲ</em></span> 
     </span>
     <span class='ocr_line' id='line_1_21' title="bbox 428 2345 2583 2439; baseline 0 -21"><span class='ocrx_word' id='word_1_161' title='bbox 428 2345 629 2418; x_wconf 80' lang='grc' dir='ltr'><em>αὑτοῦ</em></span> <span class='ocrx_word' id='word_1_162' title='bbox 677 2345 1120 2435; x_wconf 75' lang='grc' dir='ltr'><em>ἀναχανόντος</em></span> <span class='ocrx_word' id='word_1_163' title='bbox 1166 2351 1429 2433; x_wconf 78' lang='grc' dir='ltr'><em>εἴδομεν</em></span> <span class='ocrx_word' id='word_1_164' title='bbox 1474 2351 1666 2429; x_wconf 87' lang='grc' dir='ltr'><em>κύτος</em></span> <span class='ocrx_word' id='word_1_165' title='bbox 1709 2355 1877 2436; x_wconf 89' lang='grc' dir='ltr'><em>μέγα</em></span> <span class='ocrx_word' id='word_1_166' title='bbox 1920 2353 2030 2417; x_wconf 86' lang='grc' dir='ltr'><em>καὶ</em></span> <span class='ocrx_word' id='word_1_167' title='bbox 2085 2351 2305 2439; x_wconf 89' lang='grc' dir='ltr'><em>πάντη</em></span> <span class='ocrx_word' id='word_1_168' title='bbox 2353 2351 2583 2418; x_wconf 83' lang='grc' dir='ltr'><em>πλατῦ</em></span> 
     </span>
     <span class='ocr_line' id='line_1_22' title="bbox 427 2449 2581 2540; baseline 0.001 -22"><span class='ocrx_word' id='word_1_169' title='bbox 427 2456 536 2519; x_wconf 86' lang='grc' dir='ltr'><em>καὶ</em></span> <span class='ocrx_word' id='word_1_170' title='bbox 594 2449 887 2540; x_wconf 85' lang='grc' dir='ltr'><em>ὑψηλόν,</em></span> <span class='ocrx_word' id='word_1_171' title='bbox 949 2452 1174 2520; x_wconf 80' lang='grc' dir='ltr'><em>ἱκανὸν</em></span> <span class='ocrx_word' id='word_1_172' title='bbox 1226 2453 1611 2540; x_wconf 84' lang='grc' dir='ltr'><em>μυριάνδρῳ</em></span> <span class='ocrx_word' id='word_1_173' title='bbox 1669 2453 1868 2520; x_wconf 90' lang='grc' dir='ltr'><em>πόλει</em></span> <span class='ocrx_word' id='word_1_174' title='bbox 1929 2452 2221 2521; x_wconf 85' lang='grc' dir='ltr'><em>ἐνοικεῖν.</em></span> <span class='ocrx_word' id='word_1_175' title='bbox 2325 2453 2581 2522; x_wconf 70' lang='grc' dir='ltr'><em>ἔκειντο</em></span> 
     </span>
     <span class='ocr_line' id='line_1_23' title="bbox 429 2551 2581 2642; baseline 0.001 -22"><span class='ocrx_word' id='word_1_176' title='bbox 429 2555 500 2621; x_wconf 83' lang='grc' dir='ltr'><em>δὲ</em></span> <span class='ocrx_word' id='word_1_177' title='bbox 569 2552 635 2621; x_wconf 88' lang='grc' dir='ltr'><em>ἐν</em></span> <span class='ocrx_word' id='word_1_178' title='bbox 700 2560 885 2642; x_wconf 78' lang='grc' dir='ltr'><em>μέσῳ</em></span> <span class='ocrx_word' id='word_1_179' title='bbox 942 2559 1053 2623; x_wconf 89' lang='grc' dir='ltr'><em>καὶ</em></span> <span class='ocrx_word' id='word_1_180' title='bbox 1111 2558 1338 2640; x_wconf 86' lang='grc' dir='ltr'><em>μικροὶ</em></span> <span class='ocrx_word' id='word_1_181' title='bbox 1400 2554 1631 2637; x_wconf 81' lang='grc' dir='ltr'><em>ἰχθύες</em></span> <span class='ocrx_word' id='word_1_182' title='bbox 1686 2558 1794 2622; x_wconf 88' lang='grc' dir='ltr'><em>καὶ</em></span> <span class='ocrx_word' id='word_1_183' title='bbox 1857 2551 2027 2621; x_wconf 69' lang='grc' dir='ltr'><em>ἄλλα</em></span> <span class='ocrx_word' id='word_1_184' title='bbox 2084 2554 2305 2621; x_wconf 82' lang='grc' dir='ltr'><em>πολλὰ</em></span> <span class='ocrx_word' id='word_1_185' title='bbox 2360 2561 2581 2642; x_wconf 88' lang='grc' dir='ltr'><em>θηρία</em></span> 
     </span>
     <span class='ocr_line' id='line_1_24' title="bbox 429 2652 2581 2743; baseline 0 -21"><span class='ocrx_word' id='word_1_186' title='bbox 429 2663 915 2741; x_wconf 76' lang='grc' dir='ltr'><em>συγκεκομμένα</em></span> <span class='ocrx_word' id='word_1_187' title='bbox 958 2660 1069 2725; x_wconf 86' lang='grc' dir='ltr'><em>καὶ</em></span> <span class='ocrx_word' id='word_1_188' title='bbox 1114 2659 1375 2724; x_wconf 87' lang='grc' dir='ltr'><em>πλοίων</em></span> <span class='ocrx_word' id='word_1_189' title='bbox 1424 2658 1608 2724; x_wconf 87' lang='grc' dir='ltr'><em>ιστία</em></span> <span class='ocrx_word' id='word_1_190' title='bbox 1650 2659 1762 2723; x_wconf 88' lang='grc' dir='ltr'><em>καὶ</em></span> <span class='ocrx_word' id='word_1_191' title='bbox 1808 2682 2084 2743; x_wconf 86' lang='grc' dir='ltr'><em>αγκυραι</em></span> <span class='ocrx_word' id='word_1_192' title='bbox 2138 2660 2250 2724; x_wconf 91' lang='grc' dir='ltr'><em>καὶ</em></span> <span class='ocrx_word' id='word_1_193' title='bbox 2304 2652 2581 2743; x_wconf 80' lang='grc' dir='ltr'><em>ἀνθρώ-</em></span> 
     </span>
     <span class='ocr_line' id='line_1_25' title="bbox 426 2754 2581 2847; baseline 0.003 -24"><span class='ocrx_word' id='word_1_194' title='bbox 426 2784 576 2824; x_wconf 91' lang='grc' dir='ltr'><em>πων</em></span> <span class='ocrx_word' id='word_1_195' title='bbox 622 2754 790 2825; x_wconf 83' lang='grc' dir='ltr'><em>ὀστᾶ</em></span> <span class='ocrx_word' id='word_1_196' title='bbox 830 2761 943 2825; x_wconf 86' lang='grc' dir='ltr'><em>καὶ</em></span> <span class='ocrx_word' id='word_1_197' title='bbox 989 2766 1270 2847; x_wconf 85' lang='grc' dir='ltr'><em>φορτία,</em></span> <span class='ocrx_word' id='word_1_198' title='bbox 1329 2785 1497 2825; x_wconf 92' lang='grc' dir='ltr'><em>κατα</em></span> <span class='ocrx_word' id='word_1_199' title='bbox 1541 2764 1745 2843; x_wconf 83' lang='grc' dir='ltr'><em>μέσον</em></span> <span class='ocrx_word' id='word_1_200' title='bbox 1792 2760 1864 2826; x_wconf 83' lang='grc' dir='ltr'><em>δὲ</em></span> <span class='ocrx_word' id='word_1_201' title='bbox 1908 2763 2018 2827; x_wconf 85' lang='grc' dir='ltr'><em>καὶ</em></span> <span class='ocrx_word' id='word_1_202' title='bbox 2062 2763 2142 2847; x_wconf 85' lang='grc' dir='ltr'><em>γῆ</em></span> <span class='ocrx_word' id='word_1_203' title='bbox 2198 2763 2309 2827; x_wconf 87' lang='grc' dir='ltr'><em>καὶ</em></span> <span class='ocrx_word' id='word_1_204' title='bbox 2370 2760 2581 2847; x_wconf 88' lang='grc' dir='ltr'><em>λόφοι</em></span> 
     </span>
     <span class='ocr_line' id='line_1_26' title="bbox 424 2860 2578 2951; baseline 0.001 -25"><span class='ocrx_word' id='word_1_205' title='bbox 424 2883 630 2949; x_wconf 89' lang='grc' dir='ltr'><em>ησαν,</em></span> <span class='ocrx_word' id='word_1_206' title='bbox 677 2860 826 2945; x_wconf 87' lang='grc' dir='ltr'><em>ἐμοὶ</em></span> <span class='ocrx_word' id='word_1_207' title='bbox 874 2862 1124 2942; x_wconf 89' lang='grc' dir='ltr'><em>δοκεῖν,</em></span> <span class='ocrx_word' id='word_1_208' title='bbox 1174 2860 1241 2927; x_wconf 89' lang='grc' dir='ltr'><em>ἐκ</em></span> <span class='ocrx_word' id='word_1_209' title='bbox 1283 2865 1402 2948; x_wconf 86' lang='grc' dir='ltr'><em>τῆς</em></span> <span class='ocrx_word' id='word_1_210' title='bbox 1448 2861 1700 2940; x_wconf 82' lang='grc' dir='ltr'><em>ἰλύος</em></span> <span class='ocrx_word' id='word_1_211' title='bbox 1670 2888 1750 2951; x_wconf 92' lang='grc' dir='ltr'><em>ην</em></span> <span class='ocrx_word' id='word_1_212' title='bbox 1794 2867 2070 2928; x_wconf 87' lang='grc' dir='ltr'><em>κατέπιε</em></span> <span class='ocrx_word' id='word_1_213' title='bbox 2114 2862 2578 2942; x_wconf 85' lang='grc' dir='ltr'><em>συνιζάνουσα.</em></span> 
     </span>
     <span class='ocr_line' id='line_1_27' title="bbox 424 2956 2577 3053; baseline 0.002 -24"><span class='ocrx_word' id='word_1_214' title='bbox 424 2956 544 3051; x_wconf 89' lang='grc' dir='ltr'><em>ύλη</em></span> <span class='ocrx_word' id='word_1_215' title='bbox 611 2967 767 3049; x_wconf 90' lang='grc' dir='ltr'><em>γοῦν</em></span> <span class='ocrx_word' id='word_1_216' title='bbox 835 2957 945 3029; x_wconf 73' lang='grc' dir='ltr'><em>ἐπ’</em></span> <span class='ocrx_word' id='word_1_217' title='bbox 1020 2957 1222 3053; x_wconf 72' lang='grc' dir='ltr'><em>αὐτῆς</em></span> <span class='ocrx_word' id='word_1_218' title='bbox 1274 2967 1385 3032; x_wconf 87' lang='grc' dir='ltr'><em>καὶ</em></span> <span class='ocrx_word' id='word_1_219' title='bbox 1446 2964 1682 3049; x_wconf 90' lang='grc' dir='ltr'><em>δένδρα</em></span> <span class='ocrx_word' id='word_1_220' title='bbox 1738 2978 2032 3032; x_wconf 86' lang='grc' dir='ltr'><em>παντοῖα</em></span> <span class='ocrx_word' id='word_1_221' title='bbox 2089 2959 2408 3053; x_wconf 80' lang='grc' dir='ltr'><em>ἐπεφύκει</em></span> <span class='ocrx_word' id='word_1_222' title='bbox 2462 2969 2577 3033; x_wconf 84' lang='grc' dir='ltr'><em>καὶ</em></span> 
     </span>
     <span class='ocr_line' id='line_1_28' title="bbox 428 3065 2578 3156; baseline 0.003 -26"><span class='ocrx_word' id='word_1_223' title='bbox 428 3065 678 3147; x_wconf 90' lang='grc' dir='ltr'><em>λάχανα</em></span> <span class='ocrx_word' id='word_1_224' title='bbox 746 3065 1210 3156; x_wconf 80' lang='grc' dir='ltr'><em>ἐβεβλαστήκει</em></span> <span class='ocrx_word' id='word_1_225' title='bbox 1274 3070 1383 3132; x_wconf 85' lang='grc' dir='ltr'><em>καὶ</em></span> <span class='ocrx_word' id='word_1_226' title='bbox 1462 3065 1650 3153; x_wconf 77' lang='grc' dir='ltr'><em>ἐῴκει</em></span> <span class='ocrx_word' id='word_1_227' title='bbox 1725 3067 1948 3133; x_wconf 90' lang='grc' dir='ltr'><em>πάντα</em></span> <span class='ocrx_word' id='word_1_228' title='bbox 2022 3066 2578 3153; x_wconf 81' lang='grc' dir='ltr'><em>ἐξειργασμένοις.</em></span> 
     </span>
     <span class='ocr_line' id='line_1_29' title="bbox 427 3166 2579 3294; baseline 0.002 -62"><span class='ocrx_word' id='word_1_229' title='bbox 427 3174 827 3264; x_wconf 88' lang='grc' dir='ltr'><em>περίμετρον</em></span> <span class='ocrx_word' id='word_1_230' title='bbox 874 3168 945 3233; x_wconf 85' lang='grc' dir='ltr'><em>δὲ</em></span> <span class='ocrx_word' id='word_1_231' title='bbox 988 3171 1106 3254; x_wconf 87' lang='grc' dir='ltr'><em>τῆς</em></span> <span class='ocrx_word' id='word_1_232' title='bbox 1148 3193 1265 3294; x_wconf 75' lang='grc' dir='ltr'><em>γης</em></span> <span class='ocrx_word' id='word_1_233' title='bbox 1311 3166 1578 3235; x_wconf 91' lang='grc' dir='ltr'><em>στάδιοι</em></span> <span class='ocrx_word' id='word_1_234' title='bbox 1623 3168 1957 3236; x_wconf 91' lang='grc' dir='ltr'><em>διακόσιοι</em></span> <span class='ocrx_word' id='word_1_235' title='bbox 2003 3172 2111 3236; x_wconf 88' lang='grc' dir='ltr'><em>καὶ</em></span> <span class='ocrx_word' id='word_1_236' title='bbox 2142 3169 2579 3255; x_wconf 85' lang='grc' dir='ltr'><em>τετταράκον-</em></span> 
     </span>
     <span class='ocr_line' id='line_1_30' title="bbox 427 3265 2578 3358; baseline 0.002 -25"><span class='ocrx_word' id='word_1_237' title='bbox 427 3294 530 3335; x_wconf 92' lang='grc' dir='ltr'><em>τα.</em></span> <span class='ocrx_word' id='word_1_238' title='bbox 632 3265 710 3358; x_wconf 87' lang='grc' dir='ltr'><em>ἠν</em></span> <span class='ocrx_word' id='word_1_239' title='bbox 769 3269 841 3335; x_wconf 82' lang='grc' dir='ltr'><em>δὲ</em></span> <span class='ocrx_word' id='word_1_240' title='bbox 900 3268 1066 3336; x_wconf 84' lang='grc' dir='ltr'><em>ἰδεῖν</em></span> <span class='ocrx_word' id='word_1_241' title='bbox 1119 3273 1228 3337; x_wconf 86' lang='grc' dir='ltr'><em>καὶ</em></span> <span class='ocrx_word' id='word_1_242' title='bbox 1288 3265 1489 3354; x_wconf 89' lang='grc' dir='ltr'><em>ο’ρνεα</em></span> <span class='ocrx_word' id='word_1_243' title='bbox 1547 3269 1917 3351; x_wconf 90' lang='grc' dir='ltr'><em>θαλάττια,</em></span> <span class='ocrx_word' id='word_1_244' title='bbox 1988 3271 2229 3357; x_wconf 89' lang='grc' dir='ltr'><em>λάρους</em></span> <span class='ocrx_word' id='word_1_245' title='bbox 2284 3274 2396 3338; x_wconf 88' lang='grc' dir='ltr'><em>καὶ</em></span> <span class='ocrx_word' id='word_1_246' title='bbox 2456 3266 2578 3338; x_wconf 80' lang='grc' dir='ltr'><em>ἆλ-</em></span> 
     </span>
     <span class='ocr_line' id='line_1_31' title="bbox 324 3361 2577 3458; baseline 0.001 -19"><span class='ocrx_word' id='word_1_247' title='bbox 324 3383 401 3439; x_wconf 78' lang='grc'><em>82</em></span> <span class='ocrx_word' id='word_1_248' title='bbox 425 3371 696 3452; x_wconf 86' lang='grc' dir='ltr'><em>κυόνας,</em></span> <span class='ocrx_word' id='word_1_249' title='bbox 742 3370 858 3440; x_wconf 86' lang='grc' dir='ltr'><em>ἐπὶ</em></span> <span class='ocrx_word' id='word_1_250' title='bbox 903 3375 1034 3438; x_wconf 80' lang='grc' dir='ltr'><em>τῶν</em></span> <span class='ocrx_word' id='word_1_251' title='bbox 1081 3372 1369 3456; x_wconf 90' lang='grc' dir='ltr'><em>δένδρων</em></span> <span class='ocrx_word' id='word_1_252' title='bbox 1415 3372 1859 3439; x_wconf 88' lang='grc' dir='ltr'><em>νεοττεύοντα.</em></span> <span class='ocrx_word' id='word_1_253' title='bbox 1950 3379 2050 3443; x_wconf 83' lang='lat'><em>32.</em></span> <span class='ocrx_word' id='word_1_254' title='bbox 2096 3373 2249 3440; x_wconf 90' lang='grc' dir='ltr'><em>τότε</em></span> <span class='ocrx_word' id='word_1_255' title='bbox 2292 3375 2413 3458; x_wconf 81' lang='grc' dir='ltr'><em>μὲν</em></span> <span class='ocrx_word' id='word_1_256' title='bbox 2459 3361 2577 3442; x_wconf 83' lang='grc' dir='ltr'><em>οῦν</em></span> 
     </span>
     <span class='ocr_line' id='line_1_32' title="bbox 428 3469 2577 3564; baseline 0.002 -25"><span class='ocrx_word' id='word_1_257' title='bbox 428 3472 545 3540; x_wconf 87' lang='grc' dir='ltr'><em>ἐπὶ</em></span> <span class='ocrx_word' id='word_1_258' title='bbox 610 3472 785 3539; x_wconf 76' lang='grc' dir='ltr'><em>πολὺ</em></span> <span class='ocrx_word' id='word_1_259' title='bbox 860 3472 1287 3561; x_wconf 88' lang='grc' dir='ltr'><em>ἐδακρύομεν,</em></span> <span class='ocrx_word' id='word_1_260' title='bbox 1361 3469 1638 3561; x_wconf 84' lang='grc' dir='ltr'><em>ύστερον</em></span> <span class='ocrx_word' id='word_1_261' title='bbox 1714 3476 1784 3541; x_wconf 82' lang='grc' dir='ltr'><em>δὲ</em></span> <span class='ocrx_word' id='word_1_262' title='bbox 1858 3470 2346 3564; x_wconf 76' lang='grc' dir='ltr'><em>ἀναστήσαντες</em></span> <span class='ocrx_word' id='word_1_263' title='bbox 2418 3502 2577 3555; x_wconf 85' lang='grc' dir='ltr'><em>τους</em></span> 
     </span>
     <span class='ocr_line' id='line_1_33' title="bbox 427 3571 2575 3666; baseline 0.001 -25"><span class='ocrx_word' id='word_1_264' title='bbox 427 3575 731 3661; x_wconf 73' lang='grc' dir='ltr'><em>ἑταίρους</em></span> <span class='ocrx_word' id='word_1_265' title='bbox 774 3573 891 3662; x_wconf 85' lang='grc' dir='ltr'><em>τὴν</em></span> <span class='ocrx_word' id='word_1_266' title='bbox 934 3577 1055 3660; x_wconf 84' lang='grc' dir='ltr'><em>μὲν</em></span> <span class='ocrx_word' id='word_1_267' title='bbox 1097 3580 1255 3644; x_wconf 92' lang='grc' dir='ltr'><em>ναῦν</em></span> <span class='ocrx_word' id='word_1_268' title='bbox 1285 3573 1836 3666; x_wconf 84' lang='grc' dir='ltr'><em>ὑπεστηρίξαμεν,</em></span> <span class='ocrx_word' id='word_1_269' title='bbox 1887 3571 2076 3645; x_wconf 77' lang='grc' dir='ltr'><em>αὑτοὶ</em></span> <span class='ocrx_word' id='word_1_270' title='bbox 2110 3577 2295 3644; x_wconf 81' lang='grc' dir='ltr'><em>δὲτὰ</em></span> <span class='ocrx_word' id='word_1_271' title='bbox 2326 3593 2575 3662; x_wconf 89' lang='grc' dir='ltr'><em>πυρεῖα</em></span> 
     </span>
     <span class='ocr_line' id='line_1_34' title="bbox 427 3673 2575 3768; baseline 0.001 -24"><span class='ocrx_word' id='word_1_272' title='bbox 427 3683 910 3764; x_wconf 82' lang='grc' dir='ltr'><em>συντρίψαντες</em></span> <span class='ocrx_word' id='word_1_273' title='bbox 939 3681 1051 3745; x_wconf 88' lang='grc' dir='ltr'><em>καὶ</em></span> <span class='ocrx_word' id='word_1_274' title='bbox 1082 3683 1216 3766; x_wconf 91' lang='grc' dir='ltr'><em>πῦρ</em></span> <span class='ocrx_word' id='word_1_275' title='bbox 1249 3673 1740 3758; x_wconf 78' lang='grc' dir='ltr'><em>ἀνακαύσαντες</em></span> <span class='ocrx_word' id='word_1_276' title='bbox 1771 3681 2041 3747; x_wconf 88' lang='grc' dir='ltr'><em>δεῖπνον</em></span> <span class='ocrx_word' id='word_1_277' title='bbox 2068 3679 2137 3747; x_wconf 86' lang='grc' dir='ltr'><em>ἐκ</em></span> <span class='ocrx_word' id='word_1_278' title='bbox 2158 3684 2292 3746; x_wconf 79' lang='grc' dir='ltr'><em>τῶν</em></span> <span class='ocrx_word' id='word_1_279' title='bbox 2316 3681 2575 3768; x_wconf 88' lang='grc' dir='ltr'><em>παρόν-</em></span> 
     </span>
     <span class='ocr_line' id='line_1_35' title="bbox 423 3778 2661 3870; baseline 0.001 -25"><span class='ocrx_word' id='word_1_280' title='bbox 423 3804 557 3846; x_wconf 89' lang='grc' dir='ltr'><em>των</em></span> <span class='ocrx_word' id='word_1_281' title='bbox 603 3778 1047 3865; x_wconf 83' lang='grc' dir='ltr'><em>ἐποιούμεθα.</em></span> <span class='ocrx_word' id='word_1_282' title='bbox 1136 3787 1492 3868; x_wconf 87' lang='grc' dir='ltr'><em>παρέκειτο</em></span> <span class='ocrx_word' id='word_1_283' title='bbox 1539 3784 1609 3849; x_wconf 82' lang='grc' dir='ltr'><em>δὲ</em></span> <span class='ocrx_word' id='word_1_284' title='bbox 1656 3779 1936 3870; x_wconf 76' lang='grc' dir='ltr'><em>ἄφθονα</em></span> <span class='ocrx_word' id='word_1_285' title='bbox 1990 3785 2102 3849; x_wconf 90' lang='grc' dir='ltr'><em>καὶ</em></span> <span class='ocrx_word' id='word_1_286' title='bbox 2160 3783 2661 3851; x_wconf 73' lang='grc' dir='ltr'><em>παντοδαπὰθθ</em></span> 
     </span>
     <span class='ocr_line' id='line_1_36' title="bbox 422 3877 2572 3973; baseline 0.003 -27"><span class='ocrx_word' id='word_1_287' title='bbox 422 3886 582 3968; x_wconf 85' lang='grc' dir='ltr'><em>κρέα</em></span> <span class='ocrx_word' id='word_1_288' title='bbox 624 3885 757 3949; x_wconf 77' lang='grc' dir='ltr'><em>τῶν</em></span> <span class='ocrx_word' id='word_1_289' title='bbox 804 3883 1058 3968; x_wconf 80' lang='grc' dir='ltr'><em>ἰχθύων</em></span> <span class='ocrx_word' id='word_1_290' title='bbox 1103 3887 1210 3950; x_wconf 89' lang='grc' dir='ltr'><em>καὶ</em></span> <span class='ocrx_word' id='word_1_291' title='bbox 1256 3877 1434 3968; x_wconf 65' lang='grc' dir='ltr'><em>ὕδωρ</em></span> <span class='ocrx_word' id='word_1_292' title='bbox 1481 3884 1581 3951; x_wconf 73' lang='grc' dir='ltr'><em>ἔτι</em></span> <span class='ocrx_word' id='word_1_293' title='bbox 1623 3882 1697 3951; x_wconf 83' lang='grc' dir='ltr'><em>τὸ</em></span> <span class='ocrx_word' id='word_1_294' title='bbox 1755 3883 1848 3950; x_wconf 85' lang='grc' dir='ltr'><em>ἐκ·</em></span> <span class='ocrx_word' id='word_1_295' title='bbox 1879 3889 1997 3952; x_wconf 91' lang='grc' dir='ltr'><em>τοῦ</em></span> <span class='ocrx_word' id='word_1_296' title='bbox 2035 3882 2418 3973; x_wconf 88' lang='grc' dir='ltr'><em>Ἑωσφόρου</em></span> <span class='ocrx_word' id='word_1_297' title='bbox 2479 3887 2572 3953; x_wconf 75' lang='grc' dir='ltr'><em>εἴ·</em></span> 
     </span>
     <span class='ocr_line' id='line_1_37' title="bbox 417 3981 2567 4075; baseline 0.002 -25"><span class='ocrx_word' id='word_1_298' title='bbox 417 4009 639 4068; x_wconf 87' lang='grc' dir='ltr'><em>χομεν.</em></span> <span class='ocrx_word' id='word_1_299' title='bbox 726 3990 808 4074; x_wconf 85' lang='grc' dir='ltr'><em>τῇ</em></span> <span class='ocrx_word' id='word_1_300' title='bbox 853 3986 1135 4075; x_wconf 86' lang='grc' dir='ltr'><em>ἐπιούσῃ</em></span> <span class='ocrx_word' id='word_1_301' title='bbox 1182 3987 1255 4053; x_wconf 82' lang='grc' dir='ltr'><em>δὲ</em></span> <span class='ocrx_word' id='word_1_302' title='bbox 1301 3985 1793 4067; x_wconf 88' lang='grc' dir='ltr'><em>διαναστάντες,</em></span> <span class='ocrx_word' id='word_1_303' title='bbox 1842 3989 1907 4053; x_wconf 73' lang='grc' dir='ltr'><em>εἴ</em></span> <span class='ocrx_word' id='word_1_304' title='bbox 1942 4013 2112 4054; x_wconf 91' lang='grc' dir='ltr'><em>ποτε</em></span> <span class='ocrx_word' id='word_1_305' title='bbox 2141 3981 2461 4069; x_wconf 75' lang='grc' dir='ltr'><em>ἀναχάνοι</em></span> <span class='ocrx_word' id='word_1_306' title='bbox 2491 3986 2567 4055; x_wconf 82' lang='grc' dir='ltr'><em>τὸ</em></span> 
     </span>
    </p>
   </div>
  </div>
 </body>
</html>
