2800 4500
961 256 1413 311 ΔΗΜΩΝΑΚΤΟΣ
1448 259 1611 312 ΒΙΟΣ.
2237 260 2352 319 181

193 431 424 509 μέντοι
473 426 795 510 λούμενος
838 423 1131 514 ὤκνησεν
1176 426 1243 505 ἐς
1299 426 1376 493 τὸ
1437 420 1616 514 ῦδωρ
1674 426 1816 507 ζέον
1876 425 2188 516 ἐμβῆναι,
2246 433 2357 497 καὶ

191 525 523 616 ᾐτιάσατό
555 555 661 608 τις
691 525 782 608 ὥς
813 522 1412 609 ἀποδειλιάσαντα,
1460 529 1682 610 ,,Εἰπέ
1709 533 1895 613 μοι,“
1939 531 2097 618 ἔφη,
2142 526 2356 617 ,,ὖπὲρ

194 631 529 718 πατρίδος
559 626 722 698 αὐτὸ
757 636 1134 699 πείσεσθαι
1171 631 1447 714 ἔμελλον
1463 636 1526 713 ,·“
1571 638 1673 700 43.
1709 630 2019 715 ἐρομένου
2052 633 2126 699 δέ
2154 658 2355 719 τινος,
2384 644 2461 701 43

194 739 423 814 ,,Ποῑα
472 734 762 818 νομίζεις
806 729 984 801 εἶναι
1035 733 1119 800 τὰ
1175 732 1245 800 ἐν
1293 726 1595 817 Ἵιδου,·“
1645 738 2155 822 ,,Περίμεινον,“
2205 734 2353 824 ἔφη,

193 829 553 916 ,,κᾶκεῖθέν
571 858 681 902 σοι
699 834 1099 903 ἓπιστελῶ.“
1129 843 1231 902 44.
1254 829 1565 922 Ἀδμήτῳ
1591 837 1664 903 δέ
1684 862 1818 904 τινι
1839 841 2090 926 ποιητῇ
2115 837 2351 926 φαύλῳ
2383 849 2456 905 44
2577 828 2624 891 ἓν

197 939 454 1023 λέγοντι
497 942 903 1028 γεγραφέναι
943 938 1343 1022 μονόστιχον
1389 937 1815 1026 ἐπίγραμμα,
1879 937 2050 1026 ὅπερ
2097 938 2164 1006 ἐν
2206 954 2357 1018 ταῖς
2467 992 2478 1039 5

198 1038 565 1127 διαθήκαις
608 1041 978 1107 κεκέλευκεν
1023 1039 1484 1139 ἐπιγραφῆναι
1530 1036 1735 1108 αὑτοῦ
1776 1045 1859 1130 τῇ
1896 1042 2099 1131 στήλῃ
2147 1079 2230 1090 -
2275 1036 2352 1109 οὗ
2457 1042 2498 1105 ¹⁶2

196 1154 414 1227 χεῖρον
463 1141 538 1208 δὲ
579 1144 693 1209 καὶ
741 1136 899 1209 αὖτό
951 1141 1190 1224 εἰπεῖν,

284 1250 460 1312 Γαῖα
507 1238 661 1330 λάβ’
711 1238 1046 1334 Ἀδμήτου
1092 1231 1383 1331 ελυτρον,
1433 1248 1523 1331 βῆ
1568 1239 1626 1311 δ’
1677 1245 1773 1325 εἰς
1817 1246 1985 1314 θεὸν
2031 1240 2231 1325 αὗτός
2275 1286 2358 1295 -

119 1345 488 1431 39ογελάσας
510 1342 768 1429 εἶπεν,,
772 1340 1000 1428 ,Οῧτω
1030 1347 1234 1414 καλόν
1265 1346 1465 1429 ἐστιν,
1497 1334 1552 1413 ώ
1581 1344 1887 1437 Ἄδμητε,
1918 1348 1994 1416 τὸ
2029 1347 2356 1437 ἐπίγραμ-

205 1473 311 1530 μα,
365 1442 544 1515 ώστε
588 1399 956 1538 εβουλόμην
1003 1443 1165 1516 αὐτὸ
1211 1445 1336 1539 ἤδη
1384 1448 1909 1539 ἐπιγεγράφθαι.
1915 1456 1953 1486 “
2043 1458 2144 1519 45.
2193 1450 2354 1518 ἰδών
2384 1461 2460 1516 45

207 1550 275 1615 δέ
310 1575 419 1629 τις
465 1550 583 1617 ἐπὶ
627 1554 761 1618 τών
808 1554 1058 1619 σκελῶν
1105 1545 1311 1618 αὐτοῦ
1355 1552 1470 1619 οἷα
1512 1567 1657 1630 τοῖς
1696 1558 2003 1641 γέρουσιν
2047 1553 2358 1631 ἐπιεικῶς

206 1657 513 1738 γίγνεται,
559 1648 777 1740 ἤρετο,
823 1660 962 1735 ,,Τί
988 1657 1209 1736 τοῦτο,
1257 1680 1310 1720 ω
1338 1654 1757 1743 Δημῶναξ,·“
1801 1653 1836 1722 ὁ
1872 1657 1945 1724 δὲ
1973 1655 2350 1740 μειδιάσας,

208 1756 498 1842 ,Χάρων
516 1782 603 1843 με
624 1756 921 1840 ε’δακεν,“
952 1758 1103 1846 ἐ’φη.
1149 1762 1253 1825 46.
1277 1760 1391 1824 καὶ
1412 1763 1643 1842 μέντοι
1666 1762 1778 1826 καὶ
1800 1757 2350 1842 Λακεδαιμόνιόν
2383 1766 2460 1822 46

207 1884 349 1925 τινα
381 1858 549 1926 ἰδών
578 1858 698 1926 τὸν
729 1855 936 1926 αὑτοῦ
967 1859 1226 1948 οἰκέτην
1256 1864 1730 1947 μαστιγοῦντα,
1779 1865 2160 1942 ,,Παῦσαι,“
2205 1859 2354 1948 ε’φη,

206 1956 573 2046 ,,ὅμότιμον
618 1966 867 2029 σαυτοῦ
909 1962 1029 2029 τὸν
1072 1962 1310 2030 δοῦλον
1369 1957 1846 2051 ἆποφαίνων.“
1933 1970 2035 2030 47.
2080 1961 2356 2049 Δανάης
2389 1972 2458 2026 47

208 2061 276 2127 δέ
315 2088 504 2141 τινος
547 2061 723 2151 πρὸς
764 2062 884 2131 τὸν
929 2062 1224 2152 ἀδελφὸν
1269 2065 1456 2156 δίκην
1499 2059 1794 2154 ἐχούσης,
1842 2071 2159 2154 Κρίθητι,
2206 2065 2353 2152 ἔφη,

211 2159 279 2231 οὗ
319 2165 449 2253 γὰρ
499 2162 558 2233 εἶ
601 2167 841 2257 Δανάη
888 2163 927 2257 ἦ
972 2161 1312 2253 Ἀκρισίου
1370 2167 1693 2257 θυγάτηρ.
1783 2173 1884 2236 48.
1928 2166 2223 2253 μάλιστα
2284 2169 2354 2234 δὲ
2382 2176 2458 2231 48

125 2282 192 2334 391
207 2267 523 2354 ἐπολέμει
565 2283 712 2348 τοῖς
756 2263 831 2337 οὗ
874 2268 1050 2357 πρὸς
1081 2264 1414 2359 ἀλήθειαν
1461 2265 1633 2338 ἀλλὰ
1678 2269 1852 2358 πρὸς
1884 2270 2210 2347 ἐπίδειξιν
2240 2295 2358 2358 φι-

206 2371 648 2460 λοσοφοῦσιν·
718 2371 833 2439 ἕνα
897 2383 1056 2459 γοῦν
1125 2371 1288 2440 ἰδών
1346 2372 1633 2441 Κυνικὸν
1699 2379 1992 2461 τρίβωνα
2058 2373 2180 2458 μὲν
2243 2375 2354 2438 καὶ

203 2473 419 2563 πήραν
468 2473 723 2556 ἔχοντα,
781 2468 929 2540 ἀντὶ
975 2474 1048 2540 δὲ
1091 2479 1209 2561 τῆς
1251 2481 1616 2563 βακτηρίας
1659 2475 1942 2563 ὕπερον,
1988 2470 2355 2562 ὑπέρογκον

200 2574 565 2664 κεκραγότα
608 2579 720 2643 καὶ
767 2578 1043 2663 λέγοντα
1087 2569 1194 2644 ὅτι
1221 2570 1698 2656 Ἀντισθένους
1725 2580 1838 2644 καὶ
1868 2576 2216 2665 Κράτητος
2245 2580 2355 2643 καὶ

202 2682 566 2764 Διογένους
587 2676 730 2744 ἐστὶ
767 2676 1078 2766 ζηλωτής,
1118 2677 1279 2763 ,,Μὴ
1308 2678 1628 2764 ψεύδου,“
1665 2678 1813 2768 ἔφη,
1850 2677 1974 2761 ,,σῦ
2009 2677 2135 2766 γὰρ
2153 2673 2356 2745 ‘Yme-

203 2782 423 2866 ρείδου
446 2777 768 2868 μαθητὴς
790 2769 883 2846 ὧν
903 2779 1307 2866 τυγχάνεις.“
1351 2786 1454 2848 49.
1488 2781 1638 2848 ἐπεὶ
1659 2785 1889 2865 μέντοι
1912 2781 2203 2861 πολλοὺς
2223 2786 2355 2849 τῶν
2383 2791 2460 2846 49

205 2877 524 2971 ἀθλητῶν
569 2879 750 2969 ἑώρα
790 2884 1326 2965 κακομαχοῦντας
1381 2886 1494 2950 καὶ
1551 2882 1742 2971 παρὰ
1798 2882 1916 2951 τὸν
1975 2882 2179 2969 νόμον
2236 2884 2355 2951 τὸν

204 2983 569 3071 ἐναγώνιον
601 2977 750 3051 ἆντὶ
779 2987 900 3051 τοῦ
931 2984 1453 3071 παγκρατιάζειν
1499 2986 1877 3067 δάκνοντας,
1921 2980 2112 3067 ,,Οῦκ
2156 2979 2356 3053 άπει-

203 3086 478 3168 κότως,“
522 3085 674 3175 ἔφη,
716 3085 918 3169 ,,τοῦς
947 3091 1062 3153 νῦν
1093 3081 1402 3175 ἀθλητὰς
1432 3088 1498 3155 οἱ
1542 3091 2127 3175 παρομαρτοῦντες
2169 3088 2355 3154 λέον-

205 3214 316 3267 τας
342 3190 732 3256 καλοῦσιν.“
820 3194 922 3256 50.
971 3183 1239 3256 ἆστεῖον
1273 3191 1343 3255 δὲ
1372 3184 1631 3257 κάκεῖνο
1678 3185 1879 3257 αὐτοῦ
1908 3192 2020 3256 καὶ
2051 3188 2354 3277 δηκτικὸν
2378 3198 2457 3256 50

209 3282 339 3375 ἅμα
383 3289 465 3357 τὸ
514 3289 691 3377 πρὸς
734 3290 851 3357 τὸν
898 3284 1296 3358 ἀνθύπατον
1343 3292 1720 3381 εἰρημένον·
1765 3278 1845 3381 ἦν
1887 3292 2010 3376 μὲν
2052 3289 2178 3378 γὰρ
2221 3295 2355 3358 τῶν

125 3398 666 3477 392πιττουμένων
707 3391 793 3458 τὰ
852 3395 1045 3481 σκέλη
1103 3396 1216 3460 καὶ
1272 3393 1349 3460 vo*
1409 3398 1602 3478 σῶμα
1659 3388 1848 3461 ὅλον·
1936 3397 2225 3462 Κυνικοῦ
2282 3395 2356 3461 δέ

206 3519 377 3573 τινος
425 3492 548 3562 ἐπὶ
594 3496 794 3562 λίθον
841 3488 1217 3580 άναβάντος
1267 3499 1381 3563 καὶ
1445 3489 1603 3563 αὐτὸ
1663 3499 1860 3563 τοῦτο
1918 3501 2355 3586 κατηγοροῦν-

205 3620 313 3675 τος
359 3590 571 3664 αῦτοῦ
626 3599 739 3664 καὶ
800 3595 867 3676 ἐς
925 3598 1262 3665 κιναιδίαν
1326 3597 1836 3682 διαβάλλοντος,
1896 3593 2354 3690 ἀγανακτήσας

205 3701 307 3765 καὶ
350 3702 934 3784 κατασπασθῆναι
976 3698 1094 3766 τὸν
1138 3698 1426 3766 Κυνικὸν
1469 3700 1779 3779 κελεύσας
1833 3702 2101 3787 ε’μελλεν
2155 3693 2197 3791 ἢ
2244 3704 2354 3781 ξυ-

207 3800 342 3879 λοις
388 3807 784 3887 συντρίψειν
842 3790 883 3889 ἢ
939 3803 1051 3868 καὶ
1109 3804 1285 3889 φυγῇ
1345 3801 1731 3889 ζημιώσειν·
1788 3797 1933 3871 ἀλλ’
2001 3798 2040 3871 o'
2095 3829 2168 3891 γε
2208 3811 2354 3893 Δη-

205 3902 429 3985 μῶναξ
471 3928 874 3990 παρατυχων
920 3918 1285 3991 παρῃτεῖτο
1333 3904 1716 3994 συγγνώμην
1760 3905 1929 3989 ε’χειν
1977 3899 2156 3993 αυτῷ
2185 3903 2354 3973 κατά

206 4029 348 4071 τινα
427 4005 722 4092 πάτριον
793 4018 938 4083 τοῖς
1013 4012 1325 4083 Κυνικοῖς
1397 4014 1779 4095 παρρησίαν
1851 4015 2352 4097 θρασυνομένῳ.
