2800 4500
925 258 1229 312 ΑΛΗΘΟΥΣ
1264 257 1563 311 ΙΣΤΟΡΙΑΣ
1596 259 1651 310 B.
2282 255 2363 313 49

200 429 318 493 καὶ
363 425 697 512 μεγάλους
742 427 1091 512 ποταμούς
1131 452 1206 494 τε
1251 428 1545 513 διαυγεῖς
1576 421 1875 506 ἐξιόντας
1909 420 2118 513 ἠρέμα
2150 421 2222 505 ἐς
2253 426 2370 515 τὴν

206 528 597 611 θάλατταν,
661 529 761 596 ἔτι
806 531 878 596 δὲ
926 532 1255 614 λειμῶνας
1298 535 1411 598 καὶ
1455 523 1617 608 ἱῗλας
1659 533 1771 598 καὶ
1816 524 2015 616 ὄρνεα
2057 530 2366 614 μουσικά,

205 630 292 696 τὰ
340 631 461 715 μὲν
511 630 627 698 ἐπὶ
671 636 804 698 τῶν
847 626 1091 719 ἠϊόνων
1147 628 1427 721 ᾅδοντα,
1487 631 1707 699 πολλὰ
1762 632 1834 698 δὲ
1889 635 2001 699 καὶ
2060 631 2174 698 ἐπὶ
2232 634 2365 697 τῶν

202 732 505 799 κλάδων·
556 728 682 854 άήρ
727 759 800 801 τε
842 738 1093 823 κοῦφος
1136 737 1245 801 καὶ
1295 729 1578 812 εὔπνους
1622 739 2043 821 περιεκέχυτο
2088 734 2208 820 τὴν
2233 733 2365 816 χώ-

206 856 366 921 ραν·
426 841 539 904 καὶ
588 823 790 920 αἷραι
835 837 909 903 δέ
959 862 1135 916 τινες
1192 833 1416 921 ἡδεῖαι
1474 837 1920 904 διαπνέουσαι
1976 831 2189 925 ἠρέμα
2245 836 2365 923 τὴν

202 931 370 1025 ύλην
419 939 836 1020 διεσάλευον,
900 933 1075 1006 ω’στε
1117 944 1229 1007 καὶ
1276 934 1414 1007 άπὸ
1461 944 1595 1007 τῶν
1645 938 1908 1007 κλάδων
1962 944 2364 1023 κινουμένων

204 1041 469 1127 τερπνὰ
512 1044 623 1108 καὶ
672 1046 904 1131 συνεχῆ
933 1044 1098 1129 μέλη
1131 1036 1569 1128 ἀπεσυρίζετο
1604 1042 1869 1110 ἐοικότα
1899 1056 2042 1121 τοῖς
2073 1036 2174 1108 ἐπ’
2213 1040 2364 1129 ἐρη-

204 1150 373 1226 μίας
433 1138 767 1231 αυλήμασι
823 1170 956 1211 των
1017 1146 1320 1231 πλαγίων
1379 1139 1616 1211 αὐλῶν.
1707 1148 1817 1212 καὶ
1875 1144 2003 1234 μὴν
2061 1148 2173 1211 καὶ
2235 1141 2362 1233 βοὴ

204 1244 580 1330 σύμμικτος
625 1240 896 1334 ἠκούετο
943 1242 1236 1332 ἅθρους,
1298 1240 1372 1313 οὗ
1420 1248 1848 1337 θορυβώδης,
1898 1241 2047 1313 ἀλλ’
2102 1247 2215 1314 οία
2257 1252 2365 1332 γέ-

205 1343 372 1414 νοιτ’
427 1375 508 1413 αν
555 1373 621 1415 εν
668 1355 1046 1436 συμποσίω,
1093 1376 1226 1416 των
1270 1350 1391 1433 μὲν
1441 1343 1849 1431 αυλούντων,
1894 1353 2028 1417 τιῦν
2075 1344 2365 1438 6³1}ch-

209 1449 498 1532 δόντων,
568 1451 759 1519 ἐνίων
818 1452 890 1518 δὲ
955 1451 1364 1540 κροτούντων
1430 1452 1604 1539 πρὸς
1673 1446 1875 1520 αὐλὸν
1940 1443 1982 1542 ἢ
2049 1452 2362 1537 κιθάραν.

86 1560 261 1621 1096.
310 1552 579 1632 τούτοις
625 1547 843 1621 άπασι
886 1553 1283 1644 κηλούμενοι
1325 1555 1781 1644 κατήχθημεν,
1840 1552 2236 1640 ὁρμίσαντες
2283 1555 2352 1620 δὲ
2391 1567 2426 1621 fi

210 1653 330 1744 τὴν
384 1660 543 1724 ναῦν
602 1650 1055 1741 ἀπεβαίνομεν
1115 1654 1233 1723 τὸν
1276 1662 1656 1744 Σκίνθαρον
1717 1655 1785 1723 ἐν
1845 1651 2010 1745 αὐτῇ
2076 1660 2185 1724 καὶ
2248 1657 2365 1723 δύο

204 1761 345 1822 τῶν
404 1757 689 1846 ἑταίρων
750 1753 1227 1837 ἀπολιπόντες.
1329 1758 1685 1847 προϊόντες
1744 1759 1815 1827 δὲ
1875 1758 1987 1826 διὰ
2047 1762 2370 1843 λειμῶνος

207 1853 547 1936 εὗανθοῦς
593 1861 1065 1946 ἐντυγχάνομεν
1109 1874 1252 1940 τοῖς
1297 1876 1619 1948 φρουροῖς
1660 1865 1772 1928 καὶ
1817 1863 2255 1948 περιπόλοις,
2303 1863 2370 1929 οἱ

206 1964 282 2029 δὲ
333 1963 655 2050 δήσαντες
697 1961 873 2050 ἡμᾶς
917 1965 1210 2053 ῥοδίνοις
1256 1959 1619 2052 στεφάνοις
1663 2003 1745 2012 -
1778 1959 1972 2044 οὗτος
2014 1965 2139 2051 γὰρ
2183 1970 2370 2051 μέγι-

209 2091 372 2144 στος
416 2061 583 2152 παρ’
640 2061 866 2145 αὐτοῖς
912 2066 1156 2151 δεσμός
1187 2066 1368 2134 ἐστιν
1400 2105 1483 2114 -
1515 2061 1757 2156 ἀνῆγον
1789 2063 1879 2145 ὡς
1911 2067 2028 2134 τὸν
2061 2063 2367 2151 ἄρχοντα,

208 2163 380 2255 παρ’
435 2162 529 2235 ὦν
576 2168 654 2257 δὴ
700 2164 862 2235 καθ’
915 2165 1074 2236 ὁδὸν
1116 2165 1492 2258 ἠκούσαμεν
1529 2166 1619 2249 ὦς
1648 2165 1686 2260 ἡ
1720 2170 1841 2254 μὲν
1873 2173 2070 2256 νῆσος
2101 2170 2203 2260 εἴη
2237 2174 2370 2236 τῶν

208 2272 565 2358 Μακάρων
611 2278 1312 2360 προσαγορευομένων,
1362 2267 1563 2359 ἀρχὸς
1610 2274 1682 2339 δὲ
1727 2270 1761 2339 ό
1797 2273 1981 2360 Κρὴς
2005 2269 2371 2356 Ῥαδάμαν-

208 2383 363 2455 θυς.
453 2380 564 2443 καὶ
612 2375 690 2464 δὴ
739 2371 1142 2460 ἀναχθέντες
1188 2374 1280 2456 (ὃς
1326 2372 1532 2444 αὐτὸν
1580 2377 1646 2444 ἐν
1691 2377 1878 2455 τάξει
1920 2381 2052 2444 τῶν
2108 2376 2369 2457 δικαζο-

206 2484 430 2564 μένων
489 2479 769 2567 ἕστημεν
825 2485 1153 2566 τέταρτοι.
1259 2487 1318 2547 7.
1378 2467 1457 2566 ἧν
1516 2480 1587 2546 δὲ
1649 2477 1682 2567 ἦ
1744 2481 1863 2565 μὲν
1921 2479 2152 2569 πρώτη
2213 2483 2373 2565 περὶ
2409 2488 2440 2541 7

209 2581 522 2661 Αἴαντος
577 2586 696 2648 τοῦ
755 2584 1182 2666 Τελαμῶνος,
1243 2584 1379 2650 ε’ίτε
1432 2583 1553 2671 χρὴ
1618 2577 1818 2650 αὐτὸν
1878 2597 2174 2650 συνεῖναι
2231 2596 2375 2660 τοῖς

210 2677 469 2774 ἥρωσιν
515 2684 651 2750 ε’ίτε
701 2687 813 2751 καὶ
858 2685 980 2774 μή·
1039 2700 1467 2774 κατηγορεῖτο
1529 2686 1600 2751 δὲ
1660 2679 1864 2752 αὐτοῦ
1922 2678 2030 2752 ὅτι
2089 2685 2375 2773 μεμήνοι

212 2788 330 2852 καὶ
374 2784 613 2853 ἑαυτὸν
673 2780 1055 2853 ἀπεκτόνοι.
1141 2789 1330 2865 τέλος
1376 2788 1449 2853 δὲ
1495 2788 1764 2854 πολλῶν
1821 2789 2164 2877 ῥηθέντων
2211 2787 2375 2873 ἔγνω

211 2885 246 2955 o‘
294 2884 792 2972 Ῥαδάμανθυς,
853 2893 965 2956 νῦν
1022 2890 1145 2973 μὲν
1206 2884 1409 2957 αὐτὸν
1464 2890 1791 2974 πιόμενον
1849 2894 1965 2957 τοῦ
2023 2890 2375 2976 ἐλλεβόρου

213 2992 708 3079 παραδοθῆναι
759 2988 1186 3078 Ἱπποκράτει
1251 2996 1348 3080 τιιῦ
1407 2993 1584 3080 Κιιόιιο
1654 2993 1895 3081 ἰατριῦ,
1962 2986 2236 3081 ύστερον
2305 2993 2375 3058 δὲ

105 3093 752 3213 ίιθσωφρονήσαντα
809 3100 1105 3178 μετέχειν
1161 3098 1281 3161 τοῦ
1339 3102 1744 3179 συμποσίου.
1848 3100 1906 3162 8.
1969 3096 2243 3182 δευτέρα
2303 3095 2374 3160 δὲ
2410 3109 2446 3163 8

212 3222 294 3283 ην
339 3201 560 3279 κρίσις
607 3195 918 3282 ερωτική,
971 3201 1246 3286 Θησέως
1288 3200 1400 3264 καὶ
1448 3197 1801 3264 Μενελάου
1848 3200 2008 3281 περὶ
2050 3200 2169 3285 τῆς
2207 3193 2380 3263 Ἑλέ-

213 3323 332 3386 νης
379 3298 982 3384 διαγωνιζομένων,
1053 3305 1320 3388 ποτέρῳ
1384 3294 1587 3389 αὐτὴν
1642 3298 1764 3389 χρὴ
1835 3312 2180 3367 συνοικεῖν.
2269 3302 2382 3366 καὶ

211 3396 247 3467 ό
321 3396 786 3483 Ῥαδάμανθυς
861 3400 1123 3469 εδίκασε
1196 3402 1530 3490 Μενελάω
1610 3417 1906 3470 συνεῖναι
1986 3400 2193 3490 αὐτὴν
2268 3394 2386 3469 άτε

212 3508 518 3569 τοσαῦτα
564 3503 936 3623 πονήσαντι
978 3508 1089 3571 καὶ
1150 3466 1649 3571 κινδυνεύσαντι
1705 3509 1824 3571 τοῦ
1881 3505 2098 3590 γάμου
2163 3504 2381 3572 ε’νεκα·

214 3608 331 3672 καὶ
375 3631 505 3693 γαρ
554 3632 636 3671 αυ
693 3610 791 3692 τῷ
841 3611 1050 3694 Θησεῖ
1106 3610 1217 3674 καὶ
1278 3602 1486 3683 αλλας
1543 3603 1717 3675 εἶναι
1770 3621 2083 3694 γυναῖκας
2137 3608 2254 3698 τήν
2314 3634 2387 3674 τε

210 3703 556 3791 Ἀμαζόνα
587 3712 699 3776 καὶ
730 3707 853 3786 τὰς
885 3713 1004 3776 τοῦ
1034 3715 1318 3787 Μίνωος
1350 3715 1749 3795 θυγατέρας.
1824 3715 1885 3776 9.
1917 3717 2108 3800 τρίτη
2142 3705 2203 3777 δ’
2245 3712 2454 3778 ἐδι-θ

216 3808 445 3898 κάσθη
497 3812 655 3895 περὶ
702 3811 1068 3899 προεδρίας
1106 3805 1529 3900 Ἀλεξάνδρῳ
1584 3836 1656 3878 τε
1711 3815 1808 3898 τιιῦ
1857 3814 2215 3879 Φιλίππου
2272 3815 2386 3879 καὶ

212 3915 498 4000 Ἀίννίβᾳ
541 3915 640 3998 τῷ
686 3915 1155 4001 Καρχηδονίῳ,
1215 3916 1327 3979 καὶ
1382 3913 1567 3991 ἔδοξε
1626 3918 1934 3998 προέχειν
1994 3909 2028 3980 ό
2073 3908 2389 3991 Ἀλέξαν-

218 4016 410 4101 δρος,
469 4018 581 4082 καὶ
630 4015 879 4101 θρόνος
941 4010 1120 4102 αὐτῷ
1181 4016 1382 4104 ἐτέθη
1444 4016 1632 4101 παρὰ
1683 4021 1900 4103 Κῦρον
1959 4015 2074 4082 τὸν
2120 4021 2392 4105 Πέρσην

384 4126 562 4170 Lucian
592 4126 651 4171 Η.
682 4127 719 4169 1.
2053 4121 2086 4171 4
