2800 4500
781 257 999 309 VERAE
1034 256 1379 312 ffls'romAE
1414 256 1601 309 LIBER
1635 255 1690 307 11.
2182 251 2299 311 317

408 631 702 699 VERAE
746 631 1218 699 HISTORIAE
1261 631 1520 697 LIBER
1564 629 2042 696 SECUNDUS.

219 844 338 900 o.l.
371 834 718 920 ἀρξάμενοι
765 836 1329 913 διεκόπτομεν.
1421 833 1691 916 ἐπειδὴ
1749 839 1827 898 δὲ
1878 831 2311 917 προελθόντες

373 937 532 1004 ὅσον
589 942 775 1003 πέντε
836 944 1135 1015 σταδίους
1190 936 1382 1002 οὐδὲν
1438 934 1720 1019 ἧνύομεν
1790 989 1804 1002 .
1866 988 1879 1000 .
1942 988 1957 1002 .
2019 944 2141 1000 τοῦ
2194 940 2311 1013 μὲν

373 1040 739 1124 ὀρύγματος
783 1038 1201 1119 ἐπαυσάμεθα
1239 1037 1262 1123 Ι
1302 1041 1629 1117 Abruptam
1673 1040 1829 1100 hane
1872 1041 2184 1101 dictionem
2227 1043 2314 1100 sie

372 1147 650 1206 coniunxi
708 1150 767 1206 et
830 1145 1125 1221 disposui:
1200 1140 1547 1224 ἀρξάμενοι
1605 1139 1973 1206 διακόπτειν
2042 1139 2312 1222 ἐπειδὴ

373 1243 807 1329 προελθόντες
851 1297 864 1311 .
915 1297 929 1312 .
979 1298 993 1311 .
1057 1244 1247 1310 οὐδὲν
1302 1241 1584 1326 ἠνύομεν
1628 1296 1642 1309 .
1690 1296 1704 1309 .
1755 1295 1769 1309 .
1817 1295 1831 1309 .
1882 1242 2310 1322 ἐπαυσάμεθα.

373 1348 536 1409 det.
560 1367 747 1426 saepe
777 1349 938 1424 apud
962 1348 1287 1408 Lucianum
1310 1347 1465 1406 hane
1492 1348 1824 1409 invenimus
1857 1350 2316 1409 enuntiationum

374 1452 638 1512 ordinem
679 1451 864 1511 veluti
922 1452 950 1510 I
1006 1470 1058 1511 e.
1105 1453 1182 1511 42
1244 1453 1306 1513 οἱ
1364 1453 1429 1513 δὲ
1484 1451 1663 1529 μέχρι
1719 1446 1897 1526 τινὸς
1953 1445 2315 1528 διώξαντες,

374 1550 646 1634 ἐπειδὴ
692 1554 925 1633 ἑσπέρα
958 1547 1060 1633 ἦν,
1104 1602 1119 1617 .
1167 1603 1181 1616 .
1229 1603 1244 1616 .
1296 1548 1748 1632 ἐπεκράτησαν.
1826 1552 2021 1613 Somn.
2067 1570 2118 1614 e.
2158 1556 2230 1612 12
2277 1549 2312 1614 ὃ

375 1659 438 1719 δὲ
495 1652 851 1736 Σωκράτης
908 1651 1039 1718 ὑπὸ
1082 1662 1159 1734 τῇ
1202 1656 1642 1735 ερμογλυφικῇ
1693 1660 1949 1733 ταχθεὶς
2005 1655 2168 1718 ἐπεὶ
2212 1649 2320 1717 τά·

367 1775 553 1837 χιστα
600 1764 834 1837 συνῆκε
864 1763 985 1820 τοῦ
1029 1762 1433 1837 κρείττονος.
1469 1806 1482 1819 .
1519 1806 1532 1819 .
1568 1752 1825 1833 α’κούεις
1869 1753 1957 1832 ὡς
1987 1807 2000 1820 .
2036 1806 2050 1820 .
2086 1752 2316 1838 ᾄδεται.

374 1862 545 1937 Nigr.
607 1879 656 1920 e.
706 1863 784 1920 28
832 1860 945 1922 ἕνα
1002 1862 1066 1921 δὲ
1122 1863 1227 1921 καὶ
1287 1854 1485 1934 αὐτὸς
1541 1858 1748 1937 εἶδον,
1807 1854 1880 1934 ὃς
1941 1864 2047 1922 καὶ
2101 1856 2323 1937 γευσά-

374 1986 566 2038 μενος
610 2013 623 2025 .
675 2012 689 2025 .
737 2013 751 2026 .
803 1957 1073 2040 ἐπειδὴ
1117 1956 1380 2040 τάχιστα
1425 2011 1438 2024 .
1488 2011 1501 2024 .
1552 2011 1566 2024 .
1618 1957 1994 2041 ἐπήκουσεν,
2040 2012 2054 2025 .
2103 2011 2116 2024 .
2168 2011 2181 2024 .
2233 1959 2322 2036 ὡς

377 2062 579 2128 αύτὸν
605 2062 887 2142 α’φίκετο.
913 2097 990 2106 -
1009 2061 1253 2127 άπονεν
1266 2066 1292 2126 ἑ
1306 2087 1345 2126 κ
1362 2087 1402 2143 ρ
1415 2086 1470 2126 ω
1487 2087 1524 2126 τ
1539 2087 1576 2126 ο
1598 2058 1618 2142 ll
1639 2060 1955 2126 α’πονενεκ
1970 2086 2008 2143 ρ
2024 2087 2061 2125 ο
2076 2070 2112 2124 ὗ
2127 2086 2164 2125 τ
2178 2086 2216 2126 ο
2240 2059 2315 2130 Ἃ.

228 2183 270 2226 c.
293 2170 342 2227 2.
372 2173 762 2246 ναυμαχίας
802 2162 822 2247 Ι
864 2189 903 2228 ν
921 2190 958 2246 η
976 2183 1014 2228 σ
1031 2171 1308 2245 ομαχίας
1353 2165 1428 2227 ef.
1473 2166 1503 2224 1
1547 2185 1595 2227 e.
1643 2169 1739 2229 42.

232 2286 272 2328 c.
297 2274 346 2330 3.
378 2268 458 2334 ού
500 2273 723 2345 μέντοι
770 2269 978 2348 οἶνον,
1032 2265 1197 2332 άλλά
1241 2265 1407 2347 γάλα
1452 2269 1521 2346 ἐξ
1564 2267 1786 2331 αὐτῶν
1830 2265 2324 2344 ἀποθλίβον-

378 2395 503 2448 τες
549 2373 939 2447 ἐπίνομεν
982 2367 1001 2452 ss
1044 2368 1596 2447 άπεθλίβομεν
1628 2370 1790 2431 det.
1830 2388 1906 2431 ex
1948 2365 2009 2436 Ἡ
2053 2366 2326 2432 α’ποθλί-

378 2481 595 2552 βομεν.
644 2509 729 2519 —-
773 2471 946 2552 ὄψον
973 2477 1091 2549 μὲν
1118 2471 1157 2553 ἣ
1187 2481 1263 2553 γῆ
1294 2479 1398 2536 καὶ
1433 2480 1637 2536 σιτίον
1668 2470 1907 2553 ὑπῆρχε
1935 2468 1953 2550 ΙΙ
1982 2469 2156 2550 ὄψον
2185 2474 2322 2547 μὲν

379 2573 470 2657 ἡμ
487 2592 515 2639 ῖ
528 2601 566 2640 ν
611 2582 717 2640 καὶ
763 2583 968 2640 σιτίον
1012 2572 1050 2656 ἣ
1096 2583 1171 2657 γῆ
1217 2573 1458 2656 ὑπῆρχε
1499 2569 1675 2637 ssiu*

235 2695 275 2738 c.
300 2683 348 2740 5.
380 2676 416 2743 ὸ
448 2697 486 2742 σ
500 2703 540 2742 υ
555 2702 696 2759 γγρ
712 2702 752 2740 α
768 2702 814 2756 φ
832 2675 907 2742 εὶ·
924 2702 955 2754 ς
975 2675 1323 2758 ζΗρόδοτος
1342 2674 1362 2759 Ι
1382 2677 1745 2739 Offendimur
1765 2677 1965 2736 addito
1995 2673 2032 2739 ὃ
2057 2692 2326 2756 συγγρα-

382 2777 540 2859 φεύς
599 2782 769 2857 quasi
822 2783 1090 2841 nesciant
1146 2783 1248 2857 qui
1290 2782 1497 2857 legunt
1548 2779 1884 2840 Herodotus
1944 2782 2075 2855 quis
2129 2779 2326 2858 fuerit,

379 2901 576 2959 neque
622 2886 811 2943 minus
865 2885 1104 2961 mirum,
1164 2884 1322 2958 quod
1363 2883 1605 2944 Homeri
1658 2885 1879 2944 nomini
1936 2882 2195 2941 additum
2240 2885 2331 2941 est

384 2983 420 3049 ὃ
450 2981 732 3066 ποιητής.
771 2991 844 3058 (e.
880 2989 1004 3059 28).
1062 2985 1181 3046 Sed
1201 2986 1438 3046 videtur
1458 2986 1611 3046 haee
1635 3004 1767 3045 esse
1798 3004 1999 3063 eausa,
2031 2984 2191 3060 quod
2220 2984 2329 3043 has

383 3089 857 3147 narratiunculas
920 3106 1037 3148 non
1102 3088 1292 3147 solum
1360 3088 1774 3149 eruditioribus
1833 3088 2164 3148 hominibus
2221 3086 2331 3147 sed

383 3190 559 3249 etiam
602 3191 792 3249 minus
838 3190 1023 3250 doctis
1069 3190 1137 3250 L.
1183 3192 1453 3268 scripsit,
1499 3191 1754 3266 denique
1800 3190 1960 3265 quod
2002 3191 2176 3251 latius
2225 3207 2327 3250 eas

384 3295 594 3367 patere
617 3292 804 3352 voluit
824 3292 1156 3352 hominibus
1172 3292 1332 3352 aliud
1355 3293 1664 3369 agentibus
1686 3309 2000 3366 rerumque
2023 3294 2327 3352 varietatis

386 3394 663 3472 curiosis,
720 3394 874 3453 sieut
921 3395 1052 3470 ipse
1110 3411 1160 3453 o.
1213 3399 1239 3453 1
1290 3393 1597 3469 professus
1657 3398 1777 3470 est,
1838 3394 2001 3453 aliud
2057 3398 2329 3470 agentem

387 3495 827 3576 (παρεργασία)
873 3513 940 3556 se
970 3497 1122 3556 haee
1166 3497 1392 3556 ludicra
1430 3500 1489 3555 et
1532 3497 1778 3555 aliorum
1810 3501 1870 3555 et
1898 3497 1990 3555 sui
2022 3495 2327 3556 reficiendi

389 3614 568 3657 eausa
590 3598 1013 3672 composuisse.
1041 3632 1124 3643 —
1147 3604 1282 3660 τῶν
1304 3600 1421 3673 μὲν
1446 3594 1832 3660 αὐλούντων
1854 3596 1990 3661 τῶν
2021 3595 2076 3660 δ’
2109 3599 2200 3660 ἐπ
2215 3622 2254 3660 α
2273 3624 2330 3660 ι-

389 3695 761 3762 νούντων
815 3693 836 3780 Ε
890 3695 1367 3781 ἐπᾳδόντων
1424 3700 1631 3761 Rohde
1686 3700 1800 3759 Bk.
1846 3699 2012 3760 det.
2057 3701 2164 3759 Mr.

57 3741 60 3934 4
247 3812 290 3856 c.
313 3801 361 3858 6.
388 3797 771 3879 ἠκούσαμεν,
818 3798 907 3877 ὡς
937 3799 974 3882 ἡ
1004 3805 1122 3877 μὲν
1153 3809 1348 3883 νῆσος
1393 3803 1486 3881 εἴη
1530 3809 1665 3865 τῶν
1708 3798 2040 3882 Μακάρων
2084 3817 2331 3882 προσ-

57 3937 60 4028 1
394 3906 945 3984 αγορευομ·ένη
990 3899 1009 3985 ΙΙ
1050 3907 1776 3985 προσαγορευομένων
1823 3901 1876 3966 91

57 4031 60 4198 ᾗ
253 4000 820 4070 ο.7.άποκτάνοι
863 4003 883 4087 ΙΙ
926 4002 1350 4070 ἀπεκτόνοι
1396 4007 1538 4068 Oob.
