2800 4500
965 198 1544 256 TYPANNOETONOE..
2250 195 2329 256 67

160 369 401 453 νόμων
464 364 788 456 άμοιβῆς,
858 368 971 447 οὓς
1030 368 1419 458 διεφύλαξα.
1510 365 1544 435 5
1605 370 1727 454 μὲν
1795 356 1909 436 οὖν
1977 363 2334 456 ἀντιλέγων

159 469 411 539 οὑτοσὶ
474 472 660 539 δοκεῖ
710 497 829 556 μοι
887 467 962 538 οὗ
1019 471 1412 560 κηδόμενος,
1482 465 1573 549 ὥς
1629 495 1829 559 φησι,
1896 474 2029 537 τῶν
2095 475 2334 538 κοινῶν

154 578 377 641 τοῦτο
425 589 684 655 ποιεῖν,
744 568 895 640 ἀλλ’
961 574 1079 642 ἐπὶ
1133 588 1276 652 τοῖς
1331 573 1828 661 τετελευτηκόσι
1886 576 2335 663 λελυπημένος

154 680 275 744 καὶ
334 670 756 760 ἀμυνόμενος
797 676 914 743 τὸν
960 676 1235 754 ἐκείνοις
1277 679 1396 742 τοῦ
1441 675 1743 742 θανάτου
1800 677 2017 742 α’ίτιον
2072 701 2333 763 γεγενη-

156 785 401 864 μένον.
496 787 555 845 4.
600 775 788 863 ὑμεῑς
833 780 906 845 δὲ
950 774 1332 862 ἀνάσχεσθέ
1373 804 1534 863 μου,
1595 765 1647 843 ὦ
1708 773 1941 864 ἄνδρες
1998 780 2327 859 δικασταί,
2363 800 2404 855 4

60 903 140 952 143
156 880 356 966 πρὸς
404 875 633 968 ὀλίγον
676 881 761 948 τὰ
809 881 881 947 ἐν
920 884 1003 970 τῇ
1029 882 1374 967 τυραννίδι
1402 889 1646 967 καίπερ
1678 881 1931 948 εἰδόσιν
1961 878 2115 965 ὑμῖν
2146 876 2334 968 άκρι-

153 988 310 1070 βαῖς
365 985 833 1072 διηγουμένου·
891 988 1005 1051 καὶ
1047 982 1173 1070 γὰρ
1217 983 1293 1051 τὸ
1342 988 1631 1069 μέγεθος
1676 976 1849 1050 οὕτω
1906 977 2199 1067 μάθοιτ’
2254 975 2335 1051 ἂν

154 1091 289 1174 τῆς
342 1081 727 1172 εὐεργεσίας
767 1090 887 1175 τῆς
930 1086 1122 1173 ἐμῆς,
1182 1090 1293 1155 καὶ
1343 1080 1533 1152 αὐτοὶ
1580 1087 1834 1170 μᾶλλον
1880 1082 2335 1171 εὐφρανεῖσθε

156 1189 602 1275 λογιζόμενοι
647 1183 743 1254 ὦν
786 1183 1235 1278 ἀπηλλάγητε.
1326 1182 1402 1255 οὗ
1447 1188 1576 1275 γὰρ
1620 1181 1852 1273 ὥσπερ
1898 1184 2129 1267 ἄλλοις
2155 1192 2335 1256 τισὶν

156 1287 295 1381 ἤδη
364 1297 609 1380 συνέβη
668 1291 1023 1373 πολλάκις,
1093 1287 1314 1381 ἁπλῆν
1369 1294 1482 1357 καὶ
1548 1286 1738 1379 ἡμεῖς
1800 1292 2158 1376 τυραννίδα
2221 1294 2333 1358 καὶ

155 1401 343 1479 μίαν
391 1394 703 1460 δουλείαν
746 1389 1222 1476 ὑπεμείναμεν,
1284 1386 1440 1460 οὐδὲ
1483 1392 1629 1471 ἑνὸς
1684 1391 2136 1482 ὑπηνέγκαμεν
2181 1392 2334 1460 ἐπι-

157 1502 446 1580 θυμίαν
514 1495 880 1576 δεσπότου,
950 1490 1122 1562 ἀλλὰ
1186 1495 1385 1578 μόνοι
1449 1498 1582 1562 τῶν
1640 1494 1926 1561 πώποτε
1988 1494 2072 1560 τὰ
2130 1488 2335 1578 ὅμοια

160 1597 734 1685 δυστυχησάντων
808 1597 924 1664 δύο
1000 1591 1164 1663 ἄνθ’
1245 1596 1393 1675 ἑνὸς
1463 1596 1824 1685 τυράννους
1897 1597 2157 1682 εἴχομεν
2220 1599 2334 1664 καὶ

160 1700 356 1787 πρὸς
405 1699 598 1766 διττὰ
648 1702 713 1767 οἱ
745 1700 1085 1783 δυστυχεῖς
1115 1694 1494 1786 ἀδικήματα
1525 1699 1963 1788 διῃρούμεθα.
2050 1700 2335 1786 μετριώ-

160 1828 372 1891 τερος
421 1803 497 1869 δὲ
542 1799 575 1870 5
626 1797 1004 1891 πρεσβύτης
1047 1789 1129 1892 ἦν
1173 1802 1363 1889 παρὰ
1409 1802 1583 1870 πολὺ
1629 1807 1743 1870 καὶ
1774 1802 1948 1888 πρὸς
1977 1802 2100 1881 τὰς
2129 1798 2336 1892 ὄργας

158 1900 589 1992 βραδύτερος
632 1908 745 1972 καὶ
791 1904 963 1994 πρὸς
1019 1904 1141 1984 τὰς
1196 1905 1506 1984 κολάσεις
1562 1899 1938 1994 ἠπιώτερος
1993 1909 2106 1972 καὶ
2162 1905 2337 1991 πρὸς

162 2008 295 2087 τὰς
348 2006 731 2091 ἐπιθυμίας
777 2001 1203 2094 ἀμβλύτερος,
1250 2003 1343 2085 ὥς
1388 1997 1470 2074 ἂν
1512 2003 1636 2097 ἤδη
1669 2011 1787 2096 τῆς
1815 2004 2078 2097 ἡλικίας
2106 2008 2182 2076 τὸ
2214 2011 2335 2093 μὲν

164 2109 644 2199 σφοδρότερον
687 2113 805 2196 τῆς
849 2106 1060 2197 ὁρμῆς
1116 2107 1516 2196 ἐπεχούσης,
1577 2109 1699 2186 τὰς
1758 2110 1830 2176 δὲ
1886 2114 2021 2178 τῶν
2076 2107 2335 2196 ἡδονῶν

162 2208 439 2301 ὀρέξεις
477 2211 1076 2302 χαλιναγωγούσης.
1164 2214 1273 2279 καὶ
1321 2210 1495 2299 πρός
1536 2237 1609 2299 γε
1637 2211 1757 2299 τὴν
1789 2205 1990 2302 ἀρχὴν
2020 2216 2154 2280 τῶν
2186 2208 2335 2280 ἆδι-

160 2316 497 2404 κημάτων
540 2310 675 2381 ὑπὸ
740 2318 860 2381 τοῦ
915 2312 1167 2391 παιδὸς
1226 2310 1403 2382 ἄκων
1460 2319 1851 2404 προσῆχθαι
1910 2315 2197 2401 ἐλέγετο,
2256 2310 2332 2382 οὗ

161 2419 361 2484 πάνυ
406 2416 798 2502 τυραννικὸς
843 2409 1043 2495 αὐτὸς
1088 2411 1215 2498 ὤν,
1277 2410 1426 2482 ἄλλ’
1492 2416 1686 2484 ε’ίκων
1745 2416 2002 2504 ἐκείνῳ·
2062 2417 2334 2502 φιλότε-

161 2544 328 2598 κνος
373 2518 503 2605 γὰρ
551 2518 646 2595 εἷς
688 2513 1064 2607 ὑπερβολὴν
1111 2517 1399 2604 ἐγένετο,
1460 2514 1551 2597 ὥς
1595 2517 1823 2600 ἔδειξε,
1868 2523 1979 2585 καὶ
2024 2519 2248 2586 πάντα
2294 2516 2329 2586 5

162 2636 344 2699 παῖς
387 2607 473 2707 ἦν
518 2614 700 2706 αὐτῷ
743 2624 854 2687 καὶ
900 2619 1131 2706 ἐκείνῳ
1175 2619 1496 2688 ἐπείθετο
1523 2625 1637 2689 καὶ
1669 2614 1887 2708 ἠδίκει
1919 2622 2047 2688 ὅσα
2075 2622 2335 2688 κελεύοι

161 2728 283 2792 καὶ
347 2722 656 2803 ἐκόλαζεν
718 2722 835 2801 οὓς
887 2723 1306 2808 προστάττοι
1361 2726 1476 2790 καὶ
1531 2722 1758 2790 πάντα
1817 2721 2163 2811 ὑπηρέτει,
2221 2728 2338 2790 καὶ

165 2821 350 2904 όλως
398 2825 815 2910 ἐτυραννεῖτο
859 2819 981 2891 ὑπ’
1036 2818 1239 2891 αὑτοῦ
1280 2827 1394 2892 καὶ
1439 2825 1813 2914 δορυφόρος
1856 2830 1989 2892 τῶν
2018 2831 2136 2893 τοῦ
2167 2853 2334 2893 παι-

166 2928 286 3005 δὸς
338 2927 733 3012 ἐπιθυμιῶν
774 2912 873 3016 ἦν.
965 2933 1024 2993 5.
1069 2923 1104 2992 5
1152 2933 1420 3004 νεανίας
1465 2927 1540 2993 δὲ
1579 2931 1704 3015 τῆς
1731 2926 1853 3011 μὲν
1892 2931 2088 3014 τιμῆς
2119 2953 2329 3012 ταρε-
2363 2948 2401 3004 5

56 3047 146 3098 144
162 3032 381 3117 χώρει
422 3023 591 3095 καθ’
640 3025 907 3117 ἡλικίαν
966 3028 1195 3117 ἐκείνῳ
1248 3032 1359 3096 καὶ
1414 3028 1626 3113 μόνου
1680 3029 1986 3109 ἐξίστατο
2042 3035 2159 3097 τοῦ
2216 3035 2333 3115 τῆς

167 3130 379 3223 ἀρχῆς
459 3128 820 3216 ονόματος,
893 3131 969 3199 τὸ
1040 3126 1104 3198 δ’
1179 3132 1366 3218 ε’ργον
1440 3135 1557 3219 τῆς
1621 3134 2013 3219 τυραννίδος
2076 3135 2187 3198 καὶ
2254 3133 2330 3199 τὸ

161 3236 546 3326 κεφάλαιον
614 3228 819 3311 αὑτός
878 3219 990 3321 ἦν,
1057 3236 1170 3301 καὶ
1235 3232 1311 3301 τὸ
1373 3234 1494 3318 μὲν
1548 3234 1797 3302 πιστὸν
1854 3238 1964 3301 καὶ
2032 3228 2335 3322 ἀσφαλὲς

167 3334 381 3406 αυτοῦ
442 3350 722 3422 παρεῖχε
775 3339 858 3424 τῇ
915 3336 1304 3424 δυναστείᾳ,
1370 3336 1489 3422 τὴν
1549 3337 1624 3402 δὲ
1684 3330 2064 3403 ἀπόλαυσιν
2128 3336 2336 3420 μόνος

165 3441 552 3525 ἐκαρποῦτο
596 3464 735 3504 των
778 3431 1224 3525 ἀδικημάτων.
1315 3437 1561 3515 ἐκεῖνος
1603 3424 1682 3523 ἦν
1728 3435 1764 3504 5
1821 3438 1979 3516 τοὺς
2038 3439 2333 3526 δορυφό-

164 3569 328 3630 ρους
375 3546 697 3623 συνέχων,
757 3536 799 3606 5
840 3539 959 3626 τὴν
1011 3538 1311 3627 φρουρὰν
1361 3540 1728 3628 κρατύνων,
1787 3537 1826 3607 5
1882 3540 2038 3619 τοὺς
2092 3567 2334 3625 τυραν-

166 3650 536 3729 νουμένους
568 3641 930 3724 ἐκκόπτων,
977 3641 1011 3708 5
1059 3642 1216 3720 τοὺς
1261 3641 1821 3727 ἐπιβουλεύοντας
1866 3648 2114 3731 φοβῶν,
2164 3645 2329 3711 ἐκεῖ·

168 3774 283 3826 νος
327 3744 363 3814 5
411 3744 571 3824 τοὺς
617 3745 910 3834 ἐφήβους
954 3738 1309 3827 ἀνασπῶν,
1369 3742 1404 3812 5
1454 3744 1805 3831 ἐνυβρίζων
1856 3760 1999 3824 τοῖς
2055 3747 2326 3832 γάμοις·

172 3852 400 3938 ἐκείνῳ
449 3850 521 3916 αἱ
568 3852 912 3929 παρθένοι
973 3841 1321 3944 ἀνήγοντο,
1379 3851 1491 3915 καὶ
1553 3848 1617 3914 εἴ
1668 3872 1844 3924 τινες
1902 3852 2155 3935 σφαγαὶ
2216 3851 2328 3914 καὶ

173 3958 239 4024 εἴ
296 3979 476 4032 τινες
547 3954 757 4041 φυγαὶ
826 3953 936 4017 καὶ
997 3950 1356 4038 χρημάτων
1426 3945 1820 4038 ἀφαιρέσεις
1875 3955 1984 4017 καὶ
2039 3950 2329 4033 βάσανοι

1950 4053 2021 4102 5*
