2800 4500
981 261 1131 313 ΠΕΡΙ
1167 260 1519 314 ΟΡΧΗΣΕΩΣ.
2195 263 2316 321 149

159 427 533 518 δαζομένη,
592 435 813 497 καίτοι
871 428 1183 517 σατυρικὴ
1245 416 1446 510 ούσα,
1506 423 1678 497 οὕτω
1731 437 2113 517 κεχείρωται
2165 432 2322 511 τοὺς

161 523 591 616 ἀνθρώπους
632 530 788 609 τοὺς
833 530 984 612 ἐκεῖ,
1031 524 1203 599 ῶστε
1243 533 1414 598 κατὰ
1458 532 1574 600 τὸν
1616 538 2012 619 τεταγμένον
2057 532 2325 606 ἕκαστοι

160 630 406 715 καιρὸν
453 628 780 698 ἁπάντων
824 630 1318 717 ἐπιλαθόμενοι
1360 637 1495 700 τῶν
1555 629 1776 700 ἄλλων
1829 634 2165 720 κάθηνται
2222 629 2316 702 δι’

162 729 425 822 ἡμέρας
487 738 723 812 Πᾶνας
777 738 888 800 καὶ
946 734 1378 821 Κορύβαντας
1433 738 1544 802 καὶ
1602 736 1937 823 Σατύρους
1989 740 2102 804 καὶ
2163 742 2323 822 βου-

163 836 411 913 κόλους
464 832 779 923 ὁρῶντες·
843 840 958 904 καὶ
1014 831 1367 923 ὀρχοῦνταί
1428 863 1501 923 γε
1556 842 1766 905 ταῦτα
1820 840 1886 906 οἱ
1945 832 2326 924 εὐγενέστα-

162 963 278 1004 τοι
321 940 442 1005 καὶ
487 939 941 1026 πρωτεύοντες
985 938 1054 1006 ἐν
1096 939 1336 1027 ἑκάστῃ
1382 944 1515 1008 τῶν
1559 934 1825 1008 πόλεων
1855 936 1971 1025 οὗχ
2004 941 2194 1020 ὅπως
2226 941 2326 1008 αἱ·

169 1039 525 1124 δούμενοι,
589 1035 759 1107 ἀλλὰ
815 1045 928 1109 καὶ
982 1046 1153 1128 μέγα
1212 1046 1612 1129 φρονοῦντες
1668 1042 1782 1110 ἐπὶ
1843 1047 1940 1130 τῷ
1982 1043 2328 1130 πράγματι

168 1144 435 1226 μᾶλλον
464 1138 639 1229 ἤπερ
672 1137 785 1209 ἐπ’
839 1138 1196 1230 εὐγενείαις
1237 1147 1350 1211 καὶ
1381 1148 1821 1232 λειτουργίαις
1847 1148 1960 1213 καὶ
1992 1140 2328 1229 ἀξιώμασι

172 1257 625 1330 προγονικοῖς.

70 1356 153 1405 311
355 1351 462 1413 80.
502 1339 692 1413 Ἐπεὶ
739 1346 811 1412 δὲ
854 1345 977 1425 τὰς
1022 1341 1263 1433 ἀρετὰς
1308 1347 1475 1468 ἔφην
1518 1346 1638 1427 τὰς
1680 1342 2088 1437 ὀρχηστικάς,
2135 1343 2330 1414 ἄκουε
2358 1360 2433 1415 80

175 1451 287 1514 καὶ
333 1446 463 1526 τὰς
505 1454 737 1526 κακίας
768 1442 1005 1515 αύτῶν.
1093 1448 1217 1528 τὰς
1243 1450 1364 1533 μὲν
1395 1475 1510 1517 ουν
1541 1449 1611 1517 ἐν
1640 1450 1903 1535 σώματι
1930 1446 2056 1540 ἤδη
2089 1449 2328 1531 ἔδειξα,

175 1574 302 1627 τας
347 1550 425 1616 δὲ
468 1554 588 1638 τῆς
645 1551 949 1630 διανοίας
1009 1550 1219 1630 οὕτως
1275 1551 1617 1641 ἐπιτηρεῖν
1675 1550 1865 1636 οἶμαι
1922 1552 2152 1619 δύναιο
2215 1547 2327 1618 αν·

175 1778 301 1831 τας
347 1750 526 1821 εἶναι
570 1754 822 1842 σοφούς
866 1792 949 1803 -
993 1757 1104 1822 καὶ
1164 1758 1506 1834 σολοικίας
1557 1755 1746 1835 τινὰς
1802 1755 1870 1823 έν
1924 1760 2006 1844 τῇ
2063 1749 2332 1843 ὀρχήσει

178 1856 707 1937 ἐπιδείκνυνται,
775 1857 840 1923 οἱ
894 1857 1018 1941 μὲν
1075 1853 1282 1944 ἄλογα
1336 1858 1712 1942 κινούμενοι
1766 1861 1878 1925 καὶ
1934 1858 2170 1984 μηδέν,
2239 1851 2333 1935 ῶς

178 1981 391 2048 φασι,
452 1957 625 2044 πρὸς
679 1958 797 2047 τὴν
848 1958 1128 2049 χορδήν·
1189 1960 1378 2048 ε’τερα
1436 1961 1556 2044 μὲν
1597 1960 1723 2048 γὰρ
1780 1987 1816 2028 ο
1880 1960 2080 2042 πούς,
2141 1959 2333 2045 ἕτερα

180 2055 244 2127 δ’
301 2057 336 2128 6
389 2059 651 2148 ρυθμὸς
698 2063 891 2148 λέγει.
982 2063 1047 2129 οἱ
1092 2062 1165 2128 δὲ
1212 2058 1519 2148 ευρυθμα
1561 2062 1831 2147 μέν,τά
1865 2063 2228 2149 πράγματα
2262 2062 2334 2128 δὲ

178 2163 562 2287 μετάχρονα
604 2154 646 2250 ἢ
690 2163 1063 2287 πρόχρονα,
1123 2164 1266 2231 οἷον
1328 2164 1453 2253 ἐγώ
1512 2191 1681 2232 ποτε
1739 2164 1900 2232 ιδιιν
1957 2170 2331 2253 μέμνημαι·

175 2266 304 2345 τὰς
346 2266 477 2353 γὰρ
520 2265 692 2345 Διὸς
734 2265 935 2353 γονὰς
979 2261 1378 2353 ὀρχούμενός
1420 2293 1525 2346 τις
1567 2271 1678 2335 καὶ
1734 2267 1853 2357 τὴν
1909 2271 2030 2335 τοῦ
2073 2266 2334 2354 Κρόνου

177 2374 630 2457 τεκνοφαγίαν
675 2383 1094 2455 παρωρχεῖτο
1131 2369 1253 2447 τὰς
1288 2375 1583 2437 Θυέστου
1615 2368 1966 2458 συμφορὰς
1994 2373 2090 2455 τῷ
2120 2365 2336 2455 ὁμοίῳ

181 2476 633 2558 παρηγμένος.
718 2475 831 2539 καὶ
877 2467 1079 2550 αλλος
1122 2471 1242 2559 τὴν
1285 2475 1579 2562 Σεμέλην
1621 2470 2141 2559 ὑποκρινόμενος
2169 2473 2337 2557 βαλ-

184 2578 473 2662 λομένην
517 2577 613 2659 τῷ
656 2577 951 2661 κεραυνῷ
1003 2574 1122 2664 τήν
1168 2575 1467 2664 Γλαύκην
1526 2569 1692 2663 αὖτῇ
1736 2575 1963 2659 εἴκαζε
1984 2598 2334 2658 μεταγενε-

187 2683 434 2799 στέραν
482 2698 707 2742 ουσαν.
798 2669 935 2741 ἀλλ’
989 2702 1107 2743 ουκ
1151 2671 1292 2744 ἀπό
1340 2702 1414 2763 γε
1456 2681 1590 2744 τῶν
1631 2676 1953 2744 τοιούτων
1998 2671 2337 2803 ὀρχηστῶν

183 2773 527 2901 ὀρχησεως
600 2772 834 2867 αὐτῆς,
924 2775 1135 2862 οἶμαι,
1207 2785 1705 2866 καταγνωστέον
1777 2773 1930 2846 οὐδὲ
1999 2778 2074 2846 τὸ
2153 2778 2339 2864 ε’ργον

186 2875 350 2946 αὗτὸ
412 2884 758 2966 μισητέον,
828 2873 998 2946 ἀλλὰ
1057 2879 1213 2959 τοὺς
1267 2886 1421 2964 μέν,
1488 2880 1716 2968 ωσπερ
1777 2881 1974 2963 εἰσίν,
2046 2875 2341 2965 ἀμαθεῖς

187 2985 566 3066 νομιστέον,
621 2980 1010 3050 ἐπαινετέον
1058 2984 1130 3050 δὲ
1172 2981 1329 3061 τοὺς
1374 2981 1665 3068 ἐννόμως
1708 2988 1820 3050 καὶ
1864 2983 2030 3049 κατὰ
2076 2981 2340 3072 ῥυθμὸν

187 3088 307 3169 τῆς
364 3088 595 3172 τέχνης
654 3085 894 3163 ἱκανῶς
961 3084 1204 3151 ἕκαστα
1270 3086 1582 3172 δρῶντας.
1686 3091 1787 3153 81.
1844 3079 2016 3163 ὅλως
2084 3085 2155 3151 δὲ
2219 3081 2339 3149 τὸν
2365 3091 2438 3147 81

94 3179 519 3274 312ὀρχηστὴν
579 3186 682 3253 δεῖ
736 3186 1166 3269 πανταχόθεν
1234 3180 1794 3274 ἀπηκριβῶσθαι,
1865 3181 1957 3265 ὥς
2022 3182 2194 3253 εἶναι
2257 3182 2333 3250 τὸ

188 3293 328 3356 πᾶν
378 3284 748 3373 εὔρυθμον,
795 3284 1163 3377 εὔμορφον.
1210 3288 1614 3375 σύμμετρον,
1661 3284 1820 3356 αὗτὸ
1878 3285 2059 3375 αύτῷ
2104 3288 2336 3368 ἐοικός,

190 3385 771 3480 ἀσυκοφάντητον,
820 3385 1307 3479 ἀνεπίληπτον,
1366 3392 1691 3480 μηδαμῶς
1735 3391 2034 3472 ἐλλιπές,
2093 3390 2162 3457 ἐκ
2205 3395 2340 3459 τῶν

190 3487 486 3580 ἀρίστων
529 3498 955 3580 κεκραμένον,
1002 3493 1124 3572 τὰς
1169 3492 1570 3580 ἐνθυμήσεις
1614 3487 1799 3576 ὀξύν,
1857 3491 1976 3583 τὴν
2020 3495 2341 3562 παιδείαν

188 3593 450 3678 βαθύν,
496 3593 619 3672 τὰς
665 3595 925 3673 ἐννοίας
972 3589 1408 3680 ἀνθρώπινον
1452 3596 1767 3680 μάλιστα.
1858 3591 1892 3662 ὃ
1939 3600 2095 3682 γοῦν
2141 3597 2342 3665 ἔπαι-

195 3722 306 3775 νος
368 3690 549 3783 αὗτῴ
605 3690 738 3763 τότ’
807 3687 888 3763 ἂν
941 3703 1234 3783 γίγνοιτο
1296 3697 1556 3783 ἐντελὴς
1616 3697 1802 3782 παρὰ
1860 3702 1992 3767 τῶν
2049 3702 2337 3779 θεατῶν,

194 3792 357 3866 όταν
417 3797 693 3877 ε’καστος
749 3802 883 3864 τῶν
941 3795 1249 3882 ὁρώντων
1302 3799 1580 3887 γνωρίζῃ
1638 3798 1722 3865 τὰ
1787 3795 2021 3881 αὖτοῦ,
2086 3801 2339 3883 μᾶλλον

195 3902 267 3968 δὲ
313 3895 547 3985 ω’σπερ
617 3899 685 3967 ἐν
750 3900 1107 3986 κατόπτρῳ
1172 3904 1269 3986 τῶ
1328 3894 1611 3989 ὀρχηστῇ
1669 3900 1903 3967 ἑαυτὸν
1954 3903 2168 3989 βλέπῃ
2226 3903 2340 3966 καὶ

194 4004 236 4070 ἃ
295 4004 583 4086 πάσχειν
642 3996 846 4080 αὐτὸς
900 4006 1011 4069 καὶ
1068 4000 1110 4067 ἃ
1172 4016 1392 4069 ποιεῖν
1462 4003 1708 4069 εἴωθε·
1773 4004 1926 4069 τότε
1988 4001 2115 4089 γὰρ
2181 3998 2338 4069 οὐδὲ
