2800 4500
833 277 1139 332 ΑΔΗΘΟΥΣ
1163 277 1464 331 ΙΣΤΟΡΙΑΣ
1499 277 1555 328 Β.
2187 274 2265 332 47

149 446 218 512 τὰ
271 444 435 513 ἄλλα
495 446 878 534 ἐπιτήδεια·
946 449 1264 534 κυβερνᾶν
1320 440 1382 513 δ’
1449 446 1716 530 ἔμελλεν
1782 442 1816 513 5
1877 450 2273 530 Σκίνθαρος.

149 552 218 636 τῇ
259 544 317 615 δ’
367 548 652 638 ἐπιούσῃ
692 550 766 617 τὸ
799 550 921 633 μὲν
953 545 1078 640 ἤδη
1113 548 1475 636 ἐτεθνήκει.
1564 554 1624 615 2.
1671 544 1864 637 ἡμεῖς
1894 548 1966 614 δὲ
1998 541 2268 614 άνελκύ-
2303 553 2342 607 2

152 674 356 730 σαντες
399 652 477 719 τὸ
528 655 772 720 πλοῖον
815 656 929 720 καὶ
974 651 1086 720 διὰ
1144 654 1278 718 τῶν
1336 645 1789 737 ἆραιωμάτων
1848 648 2276 737 διαγαγόντες

147 757 237 821 καὶ
279 754 345 821 ἐκ
386 758 523 821 τῶν
568 750 862 822 ὀδόντων
907 753 1281 839 ἐξάψαντες
1322 748 1553 877 ἠρέμαω
1581 748 1969 842 καθήκαμεν
2031 750 2099 830 ἐς
2156 750 2276 837 τὴν

146 856 499 924 θάλατταν·
547 857 1006 942 ἐπαναβάντες
1051 857 1124 923 δὲ
1168 855 1285 924 ἐπὶ
1330 856 1415 922 τὰ
1460 860 1639 922 νῶτα
1667 859 1780 923 καὶ
1811 854 2147 932 θύσαντες
2176 857 2277 939 τῷ

146 960 502 1027 Ποσειδῶνι
547 953 749 1026 αὐτοῦ
793 957 983 1044 παρὰ
1026 956 1102 1025 τὸ
1149 957 1480 1043 τρόπαιον
1522 955 1773 1044 ἡμέρας
1816 982 1889 1024 τε
1930 969 2109 1041 τρεῖς
2150 954 2274 1021 ἐπ-

148 1057 558 1145 αυλισάμενοι
603 1101 688 1111 -
732 1067 1008 1150 νηνεμία
1049 1060 1175 1147 γὰρ
1221 1047 1299 1150 ἦν
1342 1099 1420 1108 -
1469 1064 1550 1149 τῇ
1593 1059 1875 1148 τετάρτῃ
1924 1053 2263 1126 ἀπεπλεύ-

146 1185 341 1248 σαμεν.
432 1164 610 1233 ε’νθα
655 1163 733 1251 δὴ
783 1165 1066 1242 πολλοῖς
1109 1167 1240 1230 τῶν
1285 1162 1354 1230 ἐκ
1397 1166 1517 1249 τῆς
1560 1168 1971 1251 νησομαχίας
2014 1172 2269 1248 νεκροῖς

145 1259 515 1354 ἂπηντωμεν
558 1268 668 1332 καὶ
714 1267 1299 1351 προσωκέλλομεν,
1357 1268 1471 1332 καὶ
1513 1263 1597 1331 τὰ
1645 1288 1927 1349 σωματα
1982 1286 2269 1346 καταμε-

142 1373 417 1491 τροῦντες
465 1368 958 1453 ἐθαυμάζομεν.
1045 1371 1157 1435 καὶ
1214 1364 1465 1456 ἡμέρας
1518 1372 1640 1451 μέν
1697 1392 1885 1445 τινας
1944 1365 2270 1450 ἐπλέομεν

145 1465 407 1558 εὐκράτῳ
471 1465 622 1558 ἆέρι
672 1471 1035 1558 χρώμεν,οι
1107 1469 1345 1538 ε’πειτα
1403 1474 1644 1558 βορέου
1705 1470 2004 1558 σφοδροῦ
2067 1468 2269 1535 πνεύ-

146 1593 352 1652 σαντος
394 1579 571 1660 μέγα
613 1574 807 1662 κρύος
852 1573 1106 1660 ἐγένετο
1151 1578 1264 1641 καὶ
1307 1568 1433 1639 ὕπ’
1495 1567 1698 1639 αὐτοῦ
1743 1576 1884 1639 πᾶν
1930 1571 2143 1659 ἐπάγη
2189 1570 2265 1638 τὸ

144 1676 401 1762 πέλαγος
447 1670 568 1742 οὐκ
627 1675 961 1765 ἐπιπολῆς
1015 1675 1248 1759 μόνον,
1310 1668 1480 1741 ἀλλὰ
1537 1678 1648 1742 καὶ
1709 1675 1775 1754 ἒς
1829 1674 2053 1759 βάθος
2109 1667 2270 1740 ὅσον

149 1774 242 1844 ἐπὶ
266 1784 700 1867 τετρακοσίας
744 1771 1033 1864 ὀργυιάς,
1082 1771 1254 1845 ὥστε
1282 1780 1395 1845 καὶ
1428 1771 1820 1862 ἀποβάντας
1851 1777 2120 1844 διαθεῖν
2152 1775 2268 1843 ἐπὶ

68 1883 238 1945 ἸΙθθτοῦ
286 1881 716 1968 κρυστάλλου.
805 1880 1236 1965 ἐπιμένοντος
1294 1881 1367 1947 δὲ
1423 1884 1542 1947 τοῦ
1600 1879 1981 1964 πνεύματος
2037 1884 2267 1968 φέρειν

146 1976 203 2046 οὗ
243 1983 597 2067 δυνάμενοι
640 1982 902 2049 τοιόνδε
945 2009 1012 2049 τι
1071 1981 1528 2068 ἐπενοήσαμεν
1572 2021 1654 2030 -
1700 1979 1734 2049 5
1795 1983 1867 2048 δὲ
1925 1982 2043 2071 τὴν
2095 1983 2265 2068 γνώ-

144 2109 246 2172 μην
300 2080 827 2174 ἀποφηνάμενος
885 2071 964 2175 ἦν
1007 2090 1386 2171 Σκίνθαρος
1440 2122 1526 2132 -
1580 2084 1960 2170 σκάψαντες
2014 2083 2138 2172 γὰρ
2198 2086 2265 2152 ἐν

142 2190 218 2272 τῷ
256 2181 449 2256 ὕδατι
497 2187 832 2277 σπήλαιον
875 2192 1188 2275 μέγιστον
1234 2186 1303 2254 ἐν
1347 2186 1563 2275 τούτῳ
1622 2186 1971 2272 ἐμείναμεν
2013 2184 2265 2276 ἡμέρας

143 2289 503 2372 τριάκοντα,
558 2294 692 2371 πῦρ
740 2284 1168 2368 ἀνακαίοντες
1212 2294 1323 2358 καὶ
1382 2290 1767 2375 σιτούμενοι
1823 2289 1979 2368 τούς
2037 2290 2264 2373 ἰχθῦς·

142 2388 500 2479 εὑρίσκομεν
546 2394 618 2460 δὲ
664 2387 903 2471 αὐτοὺς
948 2388 1432 2479 ἀνορύττοντες.
1523 2392 1758 2483 ἐπειδὴ
1813 2394 1885 2459 δὲ
1941 2389 2065 2483 ἤδη
2112 2393 2266 2460 ἐπέ-

144 2495 274 2562 λιπε
312 2496 397 2563 τὰ
447 2495 821 2583 ἐπιτήδεια,
868 2495 1326 2580 προελθόντες
1370 2499 1481 2562 καὶ
1527 2494 1648 2577 τὴν
1694 2500 1852 2563 ναῦν
1882 2510 2264 2583 πεπηγυῖαν

145 2589 631 2676 ἀνασπάσαντες
695 2601 808 2665 καὶ
874 2597 1289 2675 πετάσαντες
1354 2598 1473 2685 τὴν
1547 2592 1804 2687 ὀθόνην
1878 2598 2265 2685 ἐσυρόμεθα

146 2696 339 2786 ωσπερ
387 2703 708 2778 πλέοντες
753 2703 947 2779 λείως
987 2704 1100 2768 καὶ
1147 2704 1501 2789 προσηνῶς
1546 2699 1661 2768 ἐπὶ
1705 2705 1826 2767 τοῦ
1868 2701 2089 2788 πάγου
2122 2701 2265 2769 διο-

147 2802 601 2881 λισθαίνοντες.
688 2799 902 2893 ἡμέρᾳ
947 2803 1019 2870 δὲ
1050 2808 1325 2923 πέμπτῃ
1359 2800 1523 2870 άλέα
1550 2828 1625 2870 τε
1653 2790 1847 2893 η’δηῗ
1807 2831 1887 2894 ην
1916 2808 2027 2872 καὶ
2058 2801 2092 2872 5
2128 2804 2264 2871 πά-

146 2926 237 2984 γος
277 2902 497 2973 ελύετο
541 2910 651 2974 καὶ
684 2906 863 2992 υδωρ
895 2905 1122 2972 πάντα
1155 2891 1359 2984 αυθις
1388 2904 1656 3028 εγίνετο.
1749 2912 1807 2974 3.
1852 2907 2262 2986 πλεύσαντες
2293 2926 2333 2983 3

149 3028 239 3072 ουν
290 3001 448 3076 όσον
503 3014 929 3094 τριακοσίους
988 3007 1305 3086 σταδίους
1361 3008 1543 3097 νήσῳ
1608 3011 1813 3097 μικρᾷ
1876 3013 1989 3077 καὶ
2055 3009 2262 3099 ερήμῃ

148 3114 702 3229 προσηνέχθημεν,
762 3104 890 3197 ἀφ’
954 3102 1032 3198 ἧς
1086 3103 1264 3194 ύδωρ
1322 3110 1640 3194 λαβόντες
1695 3146 1778 3157 -
1838 3109 2265 3178 ἐπελελοίπει

149 3206 247 3297 γὰρ
302 3208 424 3302 ἤδη
482 3250 567 3262 -
624 3215 737 3279 καὶ
796 3211 914 3278 δύο
982 3211 1266 3298 ταύρους
1333 3205 1602 3298 άγρίους
1666 3213 2264 3292 κατατοξεύσαντες

152 3303 670 3398 ἀπεπλεύσαμεν·
719 3314 889 3381 οἶδὲ
918 3317 1154 3400 ταῦροι
1192 3308 1380 3381 οὗτοι
1410 3314 1493 3381 τὰ
1538 3319 1782 3395 κέρατα
1828 3308 1944 3381 οὐκ
1988 3313 2104 3382 ἐπὶ
2147 3319 2265 3404 τῆς

150 3417 407 3502 κεφαλῆς
450 3413 647 3499 εἶχον,
696 3409 847 3482 ἀλλ’
897 3412 1032 3483 ὑπὸ
1080 3429 1222 3494 τοῖς
1265 3410 1684 3504 ὀφθαλμοῖς,
1731 3410 1961 3503 ὥσπερ
2005 3414 2041 3484 5
2089 3421 2265 3484 Μιῦ-

151 3538 252 3593 μος
288 3511 859 3604 &eloam—1²05
907 3516 1081 3586 πολὺ
1131 3519 1203 3585 δὲ
1239 3518 1305 3597 ἐς
1335 3522 1629 3605 πέλαγος
1660 3519 2101 3604 ἐνεβαίνομεν,
2150 3515 2265 3603 οὐχ

152 3605 389 3701 ὕδατος,
460 3614 632 3687 ἀλλὰ
695 3620 1052 3707 γάλακτος·
1120 3624 1231 3688 καὶ
1298 3625 1498 3708 νῆσος
1564 3620 1631 3688 ἐν
1701 3615 1882 3708 αυτῷ
1948 3621 2264 3710 ἐφαίνετο

155 3715 316 3839 λευκὴ
357 3721 619 3809 πλήρης
661 3717 1001 3806 άμπέλων.
1091 3708 1170 3811 ἦν
1216 3723 1289 3790 δὲ
1332 3720 1371 3810 ἡ
1422 3727 1622 3812 νῆσος
1678 3723 1875 3809 τυρὸς
1932 3730 2263 3812 μέγιστος,

155 3818 304 3886 πάνυ
366 3825 853 3912 συμπεπηγώς,
921 3851 1015 3904 ως
1079 3826 1354 3913 υστερον
1421 3824 1829 3915 ἐμφαγόντες
1895 3825 2259 3911 ἐμάθομεν.

158 3925 325 3989 πέντε
362 3929 475 3993 καὶ
523 3925 733 3993 είκοσι
778 3928 1070 3995 σταδίων
1113 3927 1189 3996 τὸ
1237 3935 1672 4016 περίμετρον·
1732 3956 1803 3996 αι
1849 3922 1913 3993 δ’
1965 3923 2262 4011 αμπελοι

156 4026 421 4110 βοτρύων
465 4028 769 4116 πλήρεις,
831 4024 907 4097 οὗ
950 4036 1182 4116 μέντοι
1225 4027 1424 4113 οἶνον,
1472 4024 1643 4098 ἀλλὰ
1689 4030 1859 4117 γάλα
1916 4028 1989 4107 ἐξ
2042 4023 2260 4098 αὖτιῖν
