2800 4500
221 596 265 638 c.
299 583 347 636 1.

216 903 261 944 o.
289 888 345 942 2.

212 1416 256 1457 c.
283 1403 337 1457 4.

212 1518 256 1557 e.
286 1505 340 1560 5.

211 1824 254 1865 ο.
286 1811 340 1865 7.

210 2031 253 2071 c.
281 2016 335 2072 8.

603 250 928 303 PHALARIS
961 250 1169 304 PRIOR.
1203 281 1274 293 —
1309 252 1627 306 PnALAmS
1662 252 1892 305 ALTER.
2205 253 2325 312 327

865 439 1298 505 PHALARIS
1343 440 1626 507 PRIOR.

379 582 484 640 καὶ
532 587 652 643 τοῦ
711 576 1124 658 ἀναθήματος
1167 576 1186 659 Ι
1228 603 1282 642 κ.
1337 576 1531 659 ὑπὲρ
1578 605 1628 643 τ.
1680 578 1776 645 οἷν.
1827 577 1975 645 ΩΒ.
2039 617 2122 626 --
2180 578 2324 643 α’ντὶ

379 686 540 742 τῶν
587 676 858 743 πάντων
886 677 905 761 ff
935 688 1092 742 τῶν
1138 699 1262 742 om.
1316 681 1384 744 Γ.
1438 716 1517 725 --
1564 678 1719 745 θεὸν
1764 685 1848 760 δέ,
1894 688 1999 745 καὶ
2043 681 2319 758 μάλιστα

378 789 771 845 τοιοῦτον
801 779 820 863 fl
851 789 1150 844 τοῦτον
1197 778 1261 847 Β.

379 880 664 947 ἐπεκάλει
694 909 840 960 μου
873 893 966 967 τῷ
988 888 1282 969 προτέρῳ
1307 938 1320 949 .
1348 937 1364 950 .
1396 892 1520 969 βίῳ
1551 882 1571 964 Ι
1597 909 1732 959 μοι
1762 882 1811 943 Γ
1841 920 1916 928 -
1943 889 2011 964 ἐξ
2035 884 2322 962 ἅπαντος

377 983 1084 1068 τρόπουΙτρόπον
1130 987 1270 1048 del.
1317 988 1509 1048 Sehw.
1558 987 1633 1049 of.
1683 1008 1731 1049 c,
1772 994 1824 1050 7.
1873 1009 1923 1048 c.
1965 996 2056 1051 11.

328 1136 341 1148 .
375 1085 653 1168 ὕβρεις
684 1094 746 1151 δὲ
792 1092 1141 1169 παρθένων
1169 1087 1188 1169 Ε
1223 1086 1453 1169 ῧβρις
1486 1086 1550 1155 Β.
1630 1091 1956 1170 Singularis
1987 1112 2104 1152 non
2132 1096 2321 1154 semel

375 1195 462 1253 sic
507 1195 899 1270 interponitur
939 1196 1094 1252 inter
1137 1195 1420 1269 platalea.
1512 1192 1600 1254 Cf.
1633 1193 1707 1253 de
1740 1196 1932 1255 saltat.
1979 1213 2028 1256 e.
2061 1201 2132 1255 17
2170 1194 2318 1277 εὐχη

374 1301 480 1357 καὶ
520 1302 710 1375 χοροὶ
756 1302 862 1357 καὶ
907 1302 1118 1359 θυσία.

371 1401 474 1460 δια
490 1417 526 1459 σ
541 1422 588 1460 π
606 1394 646 1460 ά
663 1415 701 1458 σ
715 1423 755 1460 α
771 1417 807 1459 σ
823 1405 933 1460 θαι
979 1396 1288 1477 ἠπείλουν
1317 1394 1336 1478 ]
1369 1395 1602 1460 ὁιασπιέ
1619 1418 1656 1460 σ
1672 1423 1696 1461 ε
1714 1407 1865 1462 σθαι
1912 1399 2101 1460 Schw.

373 1505 552 1580 περὶ
584 1508 719 1562 τῶν
751 1496 1146 1580 παρόντων]
1180 1502 1258 1562 ἐκ
1291 1500 1454 1561 det.
1488 1536 1567 1544 —
1601 1498 2073 1579 ἀφύλακτος
2101 1499 2120 1583 fl
2149 1501 2316 1581 ἄφυ-

373 1599 630 1678 λάκτως
674 1604 728 1663 Α
767 1603 899 1667 ΓΒ.
951 1637 1033 1647 -
1077 1601 1167 1665 ri:
1217 1600 1495 1666 ὕστατα
1521 1599 1544 1685 Ι
1570 1601 1648 1667 τὰ
1693 1605 1981 1684 ἔσχατα
2012 1604 2203 1667 Schw.
2230 1639 2311 1650 —

372 1710 436 1766 τί
479 1709 598 1767 δεῖ
640 1721 849 1768 ποιεῖν
879 1704 896 1785 j}
928 1706 1083 1767 ἔδει
1130 1704 1268 1765 Ddf.

373 1804 523 1869 κᾶν
555 1804 797 1883 Αἰακὸς
829 1805 860 1888 ἢ
891 1813 1111 1882 Μίνως
1143 1803 1636 1887 ἢῬαὸιὶμανθυς
1670 1804 1703 1888 ᾗ
1738 1807 1978 1884 ὁμοίως
2010 1810 2079 1886 ἐξ
2110 1805 2309 1873 ἅπαν·

371 1934 482 1985 τος
514 1908 764 1972 ἀνελεῖν
796 1906 1142 1972 σπείόονσι
1169 1906 1188 1989 'J
1218 1914 1350 1971 καὶ
1397 1907 1490 1972 ἂν
1533 1909 1607 1970 cf.
1642 1910 1715 1970 de
1746 1911 1882 1970 hist.
1915 1929 2143 1971 consor.
2175 1931 2225 1972 ο.
2253 1915 2309 1972 8.

366 2009 486 2075 τὸν
530 2010 652 2091 γὰρ
699 2009 872 2089 ἱέπαξ
915 2018 1002 2087 εἰς
1047 2008 1124 2074 τὰ
1169 2021 1437 2075 τοιαῦτα
1491 2014 1781 2088 ἐμπεσεῖν
1824 2013 2309 2094 ἠναγκασμένον

371 2110 604 2189 ὅμοιον
642 2113 764 2195 χρὴ
809 2123 884 2193 τῇ
933 2112 1233 2177 ὑποθέσει
1293 2120 1423 2176 καὶ
1484 2112 1735 2178 αι’τὸν
1780 2115 1942 2178 εἶναι
1971 2112 1991 2196 fl
2019 2121 2126 2178 καὶ
2170 2112 2312 2179 τὸν

368 2241 407 2278 α
429 2215 515 2280 ὐτ
530 2214 566 2281 ὸ
587 2243 622 2281 ν
669 2217 832 2278 det.

169 2324 326 2379 (110.
359 2320 478 2398 ἔχω
540 2327 646 2383 καὶ
705 2329 1064 2402 πευθῆνας,
1124 2327 1255 2382 καὶ
1304 2327 1471 2396 τίνες
1516 2327 1622 2383 καὶ
1668 2317 1825 2383 ὅθεν
1875 2318 2311 2385 καταπεπλεύ-

171 2539 213 2582 o.
243 2526 332 2582 12.

171 2946 215 2989 ο.
247 2936 334 2990 14.

43 3123 46 3258 ἱ

43 3283 46 3432 t
211 3302 259 3343 c.
283 3289 332 3347 2.

363 2443 550 2486 κασιν
582 2420 794 2500 {prius
839 2428 970 2485 καὶ
1017 2443 1129 2483 0111.
1177 2423 1339 2483 det.
1388 2426 1517 2492 (καὶ
1562 2430 1729 2498 τίνες
1774 2419 1930 2486 ὅθεν
1976 2424 2031 2482 Α
2063 2421 2248 2501 ῼΓ).

365 2528 422 2586 εἰ
444 2549 526 2605 μη
561 2523 748 2605 κενὴ
783 2523 1050 2600 ἄλλως
1083 2523 1419 2603 ὑπόσχεσις
1466 2523 1663 2588 ταῦτα’
1693 2527 1862 2587 ἐστι
1906 2523 1923 2606 fi
1969 2527 2137 2589 ε’στι
2182 2546 2314 2588 0111.

368 2646 497 2687 cum
539 2628 605 2691 Γ.
688 2627 961 2687 Ceterum
1005 2628 1153 2686 nihil
1195 2627 1548 2687 mutandum.
1626 2627 1714 2689 Cf.
1748 2627 1975 2704 Catapl.
2009 2649 2059 2688 c.
2095 2632 2172 2688 26
2206 2635 2313 2691 καὶ

365 2739 568 2792 ταῦτα
599 2726 699 2792 ὅτι
741 2727 824 2810 μὴ
858 2727 1073 2805 ἄλλως
1117 2726 1271 2808 κενή
1299 2736 1394 2805 τίς
1427 2731 1566 2792 ἐστι
1612 2728 1753 2792 κατ’
1784 2728 1990 2793 αἰτοῦ
2022 2728 2307 2812 διαβολή,

366 2830 593 2894 αὐτίκα
639 2834 770 2911 εἴσῃ
823 2867 894 2874 -
947 2828 1192 2907 αίτὸς
1237 2838 1558 2912 πρῶτος
1600 2829 1621 2912 ]
1663 2856 1777 2911 πρ.
1829 2830 1988 2895 αὐτ.
2040 2828 2181 2891 ΩΒ.

364 2932 458 3010 ὡς
504 2931 586 2996 ἂν
631 2940 735 2996 καὶ
783 2930 1014 3009 εἰδότες
1093 2934 1184 2994 De
1231 2931 1320 3009 ὡς
1363 2930 1449 2996 ἄν
1495 2934 1571 2993 cf.
1620 2934 1696 2993 ad
1738 2937 2031 3009 tyrannia.
2079 2954 2128 2995 c,
2166 2940 2223 2995 3.

363 3287 480 3366 ἐγὼ
521 3294 642 3365 μὲν
672 3285 796 3353 οὖν
831 3295 938 3352 καὶ
971 3289 1048 3353 τὸ
1075 3287 1403 3354 ἐνδοιάσαι
1450 3287 1615 3365 ὑμᾶς
1658 3286 1830 3364 ὅλως
1873 3295 2015 3368 περὶ
2059 3287 2305 3355 τούτου

365 3441 377 3454 .
411 3442 424 3454 .
457 3443 472 3455 .
507 3442 522 3455 .
557 3389 830 3456 ιὲνόσιον
865 3390 1004 3472 ἤδη
1050 3394 1263 3455 εἶναι
1295 3399 1537 3471 νομίζω
1565 3388 1585 3473 Ι
1614 3393 1795 3451 Recte
1824 3410 1951 3451 om.
1984 3389 2037 3449 A
2066 3392 2135 3451 B
2164 3389 2305 3474 ἤδη

365 3493 574 3571 εἶναι,
609 3495 770 3569 quod
796 3497 914 3553 iam
943 3497 1094 3555 inest
1124 3497 1186 3554 in
1213 3496 1612 3571 praecedente
1643 3499 1766 3556 καὶ
1800 3493 2031 3572 („vel‘·)
2064 3491 2143 3557 τὸ
2173 3495 2297 3559 ἐνό.

173 3605 223 3646 e.
259 3594 343 3650 10.
372 3598 422 3655 εἰ
460 3603 938 3674 λογίσαισθε
997 3593 1018 3678 Ι
1071 3604 1453 3674 λογίσεσθε
1500 3594 1798 3659 ΑΩΓΒ.
1854 3627 1927 3639 -
1978 3604 2303 3676 πρῶτον

173 3908 225 3950 c.
261 3898 342 3954 11.

369 3692 521 3778 ὑπὲρ
551 3695 778 3778 ὅσωνῚ
815 3695 1128 3780 [πρῶτον]
1167 3699 1332 3760 det.
1381 3732 1459 3741 -—
1508 3701 1567 3761 εἴ
1604 3724 1663 3761 τι
1706 3706 1929 3777 μεῖζον
1958 3748 1973 3761 .
2007 3750 2020 3762 .
2056 3751 2069 3761 .
2122 3697 2305 3780 ἡγή-

372 3808 646 3864 σαισθε
692 3797 786 3862 ἄν
812 3796 832 3881 Ι
863 3797 1166 3880 ἡγήσεσθε
1215 3801 1351 3864 ΓΒ.
1967 3810 1975 3815 ’

368 3904 419 3960 εἰ
453 3898 820 3982 κριθήσεται
875 3910 1001 3965 τοῦ
1063 3901 1437 3965 ἀνατιθέναι
1478 3908 1611 3964 καὶ
1660 3899 1923 3978 ἀνάξιος
1952 3897 1973 3981 ᾗ
2000 3920 2125 3961 0111.
2170 3908 2301 3965 καὶ

370 4002 585 4066 Rohde.
631 4004 772 4063 Ddf.
