2800 4500
418 186 544 246 200
1365 189 1624 242 LUGIANI

631 381 744 423 om.
775 368 883 425 καὶ
912 357 984 441 A,
1029 368 1135 425 καὶ
1180 356 1346 443 ἦτινι
1378 382 1493 424 om.
1532 388 1553 424 ι
1598 358 1649 420 Γ
1695 396 1772 407 -
1822 358 2168 441 γιγνόμενα
2210 360 2230 446 Ι]
2271 360 2597 442 γινόμενα

627 462 682 525 Α
726 498 802 508 —-
855 468 1265 529 συνδιωκέτω
1294 460 1315 548 Ι
1342 484 1457 526 om.
1491 481 1613 529 συν
1652 460 1757 528 ΞίΓ
1800 498 1883 508 -
1930 468 2347 544 συμφευγέτω
2378 462 2397 548 Ι
2427 483 2596 543 συμ-

628 569 886 646 φυγέτω
931 562 1040 629 ΑΞῖ

419 690 467 730 (τ.
503 678 595 730 513.
631 672 875 734 ἐπέστω
903 665 923 751 Ι
953 670 1206 733 ἑπέσθω
1233 665 1304 730 Ω
1345 704 1431 714 —
1472 666 1560 750 μὴ
1605 671 1667 747 ἐς
1704 665 1913 751 χόρον
1945 665 2075 751 Ιμὴ
2106 673 2170 733 δὲ
2203 670 2266 746 ἐς
2290 694 2348 749 χ.
2400 669 2453 733 Ξῖ
2504 704 2595 715 -

631 774 868 854 ῥᾳδίως
910 767 930 853 ΙΙ
974 790 1088 832 om.
1136 797 1157 833 ι
1201 773 1429 832 subscr.
1476 767 1526 830 Γ
1573 805 1649 815 -
1702 769 1813 835 ἐπ’
1857 772 2068 836 ἐκεῖνα
2124 768 2143 854 ΙΙ
2194 773 2491 836 ἐπέκεινα
2541 771 2598 835 Ξῖ

631 907 713 918 ‘-
755 868 1279 957 παραλειπτέον.
1314 875 1772 954 παραληπτέον
1814 868 1868 931 Γ
1916 910 1990 918 -
2042 878 2128 951 εἰς
2174 872 2440 956 Ἰβηρίαν
2474 871 2499 958 Ι
2530 876 2597 950 ἐς

635 974 894 1057 Ῐβηρίαν
938 970 1008 1034 Ω
1051 1009 1135 1020 —
1180 979 1267 1052 εἰς
1314 973 1578 1040 Ἰταλίαν
1624 972 1642 1058 ΙΙ
1685 976 1748 1052 ἐς
1793 973 2057 1040 Ἰταλίαν
2101 969 2169 1035 Ω

419 1118 467 1154 τε.
501 1102 595 1154 51.
631 1097 1057 1176 παρασχέσθω
1101 1093 1120 1176 ΙΙ
1159 1097 1616 1176 παραδεχέσθω
1662 1094 1715 1158 ἦ
1763 1129 1838 1138 -
1888 1091 2114 1179 ἀθόλῳ
2145 1093 2165 1177 ΙΙ
2193 1091 2366 1178 δόλῳ
2415 1095 2481 1171 (ο
2517 1113 2599 1156 ex

635 1222 667 1278 'a'
712 1217 787 1257 m.
833 1198 883 1274 Ι)
930 1196 982 1259 Ξῖ
1027 1194 1226 1261 δόλωι
1271 1191 1323 1256 Γ
1367 1230 1450 1240 —
1497 1193 1574 1260 τὸ
1618 1200 1892 1278 κέντρον
1923 1193 2064 1278 ΙΙτῶ
2106 1200 2356 1277 κέντρω
2403 1192 2460 1255 Α
2511 1230 2592 1240 -

635 1298 882 1380 ἀκριβεῖ
921 1296 940 1380 ΙΙ
985 1297 1219 1381 ἀκριβῆ
1260 1294 1314 1359 Γ
1362 1333 1439 1343 -
1491 1296 1872 1381 παράχρουν
1902 1295 1921 1381 ΙΙ
1950 1294 2371 1380 παράχρονον
2418 1293 2475 1357 Γ
2506 1331 2595 1343 --

635 1396 1055 1482 ἑτερόσχημον
1099 1398 1119 1483 ΙΙ
1162 1398 1629 1484 ἑταιρόσχημον
1683 1396 1735 1459 Γ
1795 1434 1870 1444 -
1935 1402 2063 1464 ἔστι
2108 1399 2128 1482 ΙΙ
2172 1402 2345 1464 ἐστιν
2391 1394 2444 1460 Γ
2507 1434 2588 1444 -

643 1508 854 1586 Φειδίᾳ
883 1500 901 1585 ΙΙ
930 1523 1043 1564 om.
1076 1529 1096 1566 ι
1126 1499 1180 1562 Γ
1208 1538 1294 1549 —·
1323 1527 1417 1588 τῳ
1448 1501 1629 1588 ἄλλῳ
1660 1500 1681 1586 Ι
1705 1511 1801 1587 τῷ
1846 1500 2026 1588 ἄλλῳ
2057 1497 2109 1561 Γ
2152 1537 2236 1546 -
2283 1501 2436 1567 οὐδὲ
2466 1498 2595 1583 γὰρ

635 1603 786 1668 οὐδ’
814 1602 833 1688 [Ι
862 1603 944 1669 οὐ
989 1602 1109 1687 γὰρ
1156 1603 1307 1670 οὐδὲ
1345 1604 1566 1667 ΞΙΗΜΙ.
1616 1603 1699 1670 οὐ
1744 1602 1864 1686 γὰρ
1911 1601 2065 1669 οὐδ’
2094 1599 2199 1664 ΑΓ
2244 1639 2327 1648 -
2374 1601 2547 1685 ὕλην
2578 1600 2598 1685 ΙΙ

635 1726 747 1767 nm.
777 1704 832 1767 A
865 1740 940 1750 —
975 1709 1433 1789 προϋπέβλητο
1460 1702 1481 1790 Ι
1508 1704 1975 1789 προῦπόβλητο
2008 1705 2060 1768 Ξῖ
2104 1741 2182 1750 -
2218 1707 2548 1771 ἔπλαττον
2578 1703 2599 1789 Ι

635 1810 950 1890 ἔπραττον
995 1808 1048 1872 Ξῖ
1105 1843 1188 1854 —-
1232 1805 1625 1892 ἐρρύθμιζον
1725 1805 2076 1891 έρύθμιζον
2116 1804 2276 1872 ΑΞῖΓ
2336 1843 2423 1853 -—
2482 1806 2597 1872 αὐ-

635 1925 769 1988 τοῖς
812 1908 831 1994 ΙΙ
876 1910 1057 1975 αὐτῶ
1112 1907 1182 1971 Ω
1239 1911 1443 1977 αὐτῶι
1485 1914 1656 1973 Harl.
1714 1908 1913 1989 αὐτὸς
1965 1907 2017 1971 Γ
2073 1910 2300 1989 αὐτοῖς
2357 1912 2404 1988 (ι
2452 1912 2595 1972 add.

635 2034 710 2074 m.
753 2014 804 2090 I)
850 2012 903 2075 ΞΙ
959 2048 1042 2058 -
1099 2015 1329 2095 ἐπαινῇ
1369 2010 1388 2096 ΙΙ
1434 2015 1718 2078 ἐπαινεῖν
1765 2013 1818 2076 Ξῖ
1870 2048 1954 2058 —
2013 2012 2323 2094 α’πείληφε
2363 2010 2383 2095 ss
2428 2008 2591 2094 α’πή-

631 2126 808 2194 λειφε
844 2116 905 2180 ἦ
951 2150 1034 2160 -
1077 2125 1172 2201 τῷ
1214 2142 1266 2182 τ.
1319 2119 1433 2181 ὶστ.
1491 2123 1557 2182 Φ.
1605 2114 1625 2198 ΙΙ
1666 2112 1730 2180 τὶ
1787 2123 1900 2197 τῆς
1956 2119 2070 2181 ἱστ.
2129 2120 2288 2181 Φειδ.
2338 2110 2504 2178 ΑΞῖΓ

427 2258 475 2294 κ.
507 2242 603 2298 52.
639 2232 887 2301 ὃπόταν
932 2232 952 2320 ΙΙ
994 2233 1154 2301 ὅταν
1213 2236 1266 2300 Ξῖ
1321 2271 1406 2282 -
1464 2241 1798 2316 κατεπείγῃ
1843 2232 1862 2318 ΙΙ
1905 2256 2018 2298 om.
2067 2263 2088 2300 ι
2132 2232 2182 2295 Γ
2242 2271 2317 2280 -
2380 2231 2533 2299 τότε
2574 2217 2595 2306 Ι

635 2378 796 2436 τῶτε
839 2368 948 2435 A&
1004 2407 1088 2417 ——
1145 2375 1426 2437 λεκτέων
1470 2370 1490 2456 ΙΙ
1533 2375 1792 2438 Δεκταῖν
1838 2373 1889 2437 Ξῖ
1945 2380 2192 2438 λεκτῶν
2236 2374 2405 2433 Harl.
2454 2375 2593 2435 δεκ-

635 2481 768 2538 τίόν
812 2468 864 2533 Γ

427 2595 471 2635 13.
507 2583 603 2635 513.
639 2571 890 2640 ὁπόταν
932 2571 951 2658 ΙΙ
995 2572 1192 2641 ὁπότε
1237 2575 1289 2638 Ξῖ
1331 2612 1416 2623 -
1460 2574 1673 2654 μόνον
1717 2574 1736 2661 Ι]
1776 2573 2012 2653 μόνοιν
2050 2572 2118 2638 Ω
2161 2571 2389 2653 μόνων
2421 2575 2476 2638 ΞΙ
2506 2609 2591 2619 -

635 2683 742 2741 καὶ
774 2674 1123 2755 εὐμάθειαν
1154 2676 1173 2761 ΙΙ
1204 2676 1242 2760 ἢ
1276 2677 1409 2756 εὐμ.
1452 2674 1673 2742 PHarl.
1722 2713 1797 2723 —
1848 2676 2185 2762 εὐπορήσει
2214 2674 2235 2762 ΙΙ
2262 2677 2594 2760 εὐπορίσει

635 2773 924 2840 AQHarl.
985 2785 1060 2825 -'-
1125 2777 1248 2863 γὰρ
1290 2775 1311 2862 ΙΙ
1355 2801 1470 2843 om.
1518 2777 1653 2863 ΞῖΓ,
1713 2800 2013 2860 suprascr.
2060 2801 2136 2842 m.
2182 2782 2241 2840 Π
2281 2782 2452 2841 Harl.
2506 2814 2592 2824 —

639 2879 725 2958 ὡς
769 2887 914 2963 περὶ
1021 2878 1235 2965 ὥσπερ
1282 2882 1334 2945 Ξῖ
1387 2919 1471 2928 -
1530 2882 1567 2967 ἢ
1615 2890 1875 2950 οἰκείων
1919 2882 1938 2968 Ι]
1981 2904 2095 2945 om.
2144 2880 2249 2946 ΑΞῖ
2294 2902 2406 2944 om.
2452 2879 2491 2964 ἢ
2540 2877 2590 2940 Γ

635 3017 718 3027 -
777 2992 950 3067 σαφῆ
1006 2981 1085 3048 τὰ
1144 2981 1420 3069 ὕστερον
1466 2985 1715 3070 ποιήσει
1821 2994 1997 3068 σαφῆ
2042 2983 2121 3050 τὰ
2171 2982 2405 3068 ὕστερα
2450 3008 2595 3049 ποι-

639 3083 767 3167 πὲσει
813 3081 935 3147 ΩΓ
981 3090 1336 3170 σαφέστερα
1381 3086 1633 3171 ποιήσει
1676 3086 1755 3154 τὰ
1801 3086 2040 3171 ῧστερα
2085 3085 2139 3149 Α
2183 3123 2265 3132 -
2312 3093 2594 3169 περιορί-

643 3195 775 3271 ζων
819 3186 840 3274 ΙΙ
882 3195 1255 3272 προορίζων
1301 3186 1371 3250 Ω

423 3327 471 3367 ιῖ.
507 3317 603 3367 ῖι-ι.
635 3311 888 3390 ἐξίτηλα
930 3304 950 3390 ΙΙ
995 3290 1266 3393 ἐξητῆλα
1311 3309 1444 3387 (sic)
1489 3305 1541 3368 A
1588 3343 1672 3353 —
1716 3316 1920 3373 ταῦτα
1948 3304 1968 3392 ΙΙ
1998 3305 2163 3374 αὐτὰ
2193 3305 2299 3372 ΑΞῙ
2330 3341 2414 3352 -
2446 3312 2597 3386 ξυν-

651 3415 759 3491 έβη
802 3407 821 3493 ΙΙ
867 3414 1102 3492 συνέβη
1148 3410 1200 3474 21

507 3535 603 3587 515.
639 3525 878 3610 εὐαφὴς
921 3527 942 3613 ss
983 3525 1225 3611 εὐαφὴς
1271 3533 1337 3594 δὲ
1378 3526 1521 3610 ΑΩ,
1567 3550 1866 3608 suprascr.
1914 3536 1980 3596 δὲ
2024 3532 2196 3592 Harl.
2240 3564 2326 3576 —-
2371 3525 2599 3612 ἅπανΙΙ

639 3627 797 3712 ἑὲπερ
841 3630 893 3694 Ξῖ
938 3664 1025 3675 —
1067 3629 1656 3713 κατακεκοσμήσθω
1700 3630 1720 3714 ΙΙ
1761 3639 2369 3708 κατακεκοσμείσθω
2414 3626 2467 3690 Γ
2512 3664 2597 3676 -

635 3735 789 3815 μηδὲ
833 3739 1272 3799 κοιλαίνεσθαι
1375 3730 1531 3816 μήτε
1574 3759 1628 3800 κ.
1680 3735 1733 3799 ἦ
1780 3770 1855 3779 -
1903 3738 2069 3813 λέξει
2115 3732 2205 3811 ὡς
2250 3728 2466 3817 ἔφηνΙΙ
2504 3737 2597 3797 δε-

639 3842 791 3915 ξιῶς
837 3836 996 3918 ἔφην
1025 3832 1077 3896 Γ
1123 3871 1206 3882 —
1249 3840 1775 3918 μεμηχανημένον
1804 3833 1823 3919 ΙΙ
1850 3839 2380 3919 μεμηχανημένον
2428 3838 2491 3914 (ο
2524 3854 2598 3896 ex

639 3963 675 4019 η
721 3940 898 4016 corr.)
945 3938 996 4003 Ξῖ
1041 3970 1126 3983 -·
1170 3935 1469 4003 α’πόλυτα
1514 3936 1634 4021 γὰρ
1663 3934 1683 4021 Ι
1712 3956 1825 4001 om.
1873 3936 1994 4022 γὰρ
2042 3942 2087 4001 Α
2131 3973 2217 3984 —
2262 3933 2598 4021 ἐξεργασά-
