2800 4500
932 206 1608 261 ΑΠΟΚΗΡΥΤΤΟΜΕΝΟΣ.
2270 203 2347 261 91

206 374 320 461 γὰρ
384 369 631 443 ταῦτόν
696 390 1066 461 παρανοεῖν
1123 378 1236 442 καὶ
1294 381 1719 462 παραπαίειν
1774 376 1886 441 καὶ
1944 377 2183 442 λυττᾶν
2239 377 2351 442 καὶ

57 501 58 508 “
125 487 193 539 185
207 483 590 564 μεμηνέναι,
655 471 824 544 ἀλλὰ
869 481 1082 545 ταῦτα
1125 477 1351 544 πάντα
1395 481 1516 543 τοῦ
1557 478 1813 561 μᾶλλον
1856 478 1894 563 ἢ
1953 471 2151 563 ἧττον
2212 476 2351 560 ἕχε-

205 584 363 645 σθαι
404 583 490 667 τῇ
537 579 717 666 νόσῳ
760 574 1063 663 ὀνόματά
1111 577 1322 646 ἔστιν·
1378 578 1592 645 αἰτίαι
1635 602 1709 645 τε
1752 592 1896 655 τοῖς
1938 579 2060 662 μὲν
2106 571 2351 665 ἀνδρά-

204 703 298 747 σιν
339 677 580 762 ἄλλαι,
639 696 789 759 ταῖς
836 682 908 748 δὲ
950 681 1251 768 γυναιξὶν
1296 681 1551 768 ἕτεραι,
1598 684 1709 748 καὶ
1752 684 1882 747 τῶν
1927 675 2185 766 ἀνδρῶν
2233 674 2351 747 αὗ-

200 787 318 849 τιῦν
360 797 509 861 τοῖς
551 783 674 867 μὲν
721 788 897 860 νέοις
943 779 1172 864 ὄὶλλαι,
1233 796 1377 860 τοῖς
1430 783 1501 849 δὲ
1554 782 1949 872 γεγηρακόσι
2009 781 2348 871 διάφοροι,

204 884 330 951 οἷον
361 890 542 963 νέοις
570 887 691 969 μὲν
724 887 995 973 πλῆθος
1026 890 1108 965 (†)
1142 881 1236 964 ὥς
1265 883 1341 952 τὸ
1377 885 1573 966 πολύ,
1605 889 1922 972 γέροντας
1950 885 2023 952 δὲ
2053 887 2166 951 καὶ
2199 885 2348 951 δια-

199 986 349 1075 βολὴ
397 983 682 1073 ἄκαιρος
723 991 837 1055 καὶ
882 980 1041 1076 ὀργὴ
1090 982 1333 1072 ἄλογος
1374 986 1704 1065 πολλάκις
1747 980 1885 1053 κατ’
1938 986 2200 1054 οἰκείων
2232 985 2349 1071 έμ-

201 1094 492 1157 πεσοῦσα
534 1089 611 1157 τὸ
658 1090 782 1174 μὲν
824 1095 1095 1178 πρῶτον
1153 1090 1573 1175 διετάραξεν,
1634 1086 1779 1156 εἶτα
1821 1084 1958 1155 κατ’
2010 1084 2235 1176 ὀλίγον
2282 1089 2349 1168 ἒς

199 1199 430 1276 μανίαν
479 1197 922 1280 περιέτρεψε·
982 1197 1307 1280 γυναικῶν
1353 1194 1427 1260 δὲ
1479 1191 1703 1259 πολλὰ
1759 1196 2180 1260 καθικνεῖται
2236 1195 2344 1259 καὶ

178 1279 188 1292 ⁸
200 1295 438 1382 ρᾳδίως
498 1319 565 1372 ες
607 1293 728 1381 τὴν
772 1294 970 1361 νόσον
1030 1294 1384 1382 επάγεται,
1439 1294 1736 1379 μάλιστα
1796 1295 1867 1360 δὲ
1923 1307 2124 1378 μῖσος
2178 1289 2348 1361 κατά

198 1421 369 1474 τινος
412 1395 589 1463 πολὺ
635 1387 678 1487 ἢ
723 1396 987 1486 φθόνος
1033 1390 1151 1464 ἐπ’
1204 1396 1433 1486 ἐχθρῷ
1480 1390 1860 1480 εὖτυχοῦντι
1913 1387 1955 1485 ἢ
2009 1396 2185 1486 λύπη
2243 1423 2348 1477 τις

201 1488 236 1583 ἢ
293 1494 491 1586 ὀργή·
565 1501 721 1566 κατ’
790 1493 1016 1587 ολίγον
1088 1504 1303 1567 ταῦτα
1366 1497 1854 1589 ὑποτυφόμενα
1927 1506 2036 1567 καὶ
2113 1498 2345 1586 μακρῷ

198 1600 403 1688 χρόνῳ
451 1600 900 1728 ἐντρεφόμενα
935 1608 1187 1685 μανίαν
1217 1596 1557 1669 ἀποτελεῖ.
1650 1609 1753 1668 31.
1799 1601 2079 1669 τοιαῦτά
2111 1625 2240 1682 σοι,
2288 1628 2340 1667 ω
2374 1620 2445 1676 31

201 1702 423 1788 πάτερ,
469 1706 584 1770 καὶ
629 1699 668 1791 ἡ
715 1702 871 1792 γυνὴ
919 1708 1235 1770 πέπονθε
1278 1708 1392 1772 καὶ
1437 1705 1605 1782 >ι’σως
1648 1730 1716 1770 τι
1746 1703 2108 1792 λελύπηκεν
2141 1697 2345 1791 αὗτῂν

202 1804 487 1891 ἔναγχος
546 1798 782 1872 οὖδένα
823 1804 950 1892 γὰρ
1010 1806 1220 1896 ἐκείνη
1282 1806 1534 1890 ἐμίσει,
1594 1804 1772 1895 πλὴν
1833 1806 2051 1889 ἔχεταί
2105 1831 2179 1892 γε
2233 1809 2347 1872 καὶ

203 1901 304 1975 οὐκ
351 1898 433 1975 ἀν
478 1905 549 1973 ἐκ
592 1910 725 1973 τῶν
769 1905 1127 1991 παρόντων
1171 1901 1296 1973 ὑπ’
1358 1906 1592 1994 ἰατροῦ
1652 1910 2174 1994 θεραπευθῆναι
2231 1907 2344 1974 δύ-

203 2030 411 2077 ναιτο·
461 2005 553 2087 ὥς
600 2009 666 2076 εἴ
703 2034 777 2095 γε
823 2005 1028 2086 ἀλλος
1070 2034 1176 2087 τις
1218 2005 1609 2092 ὑπόσχοιτο,
1657 2010 1724 2076 εἲ
1763 2035 1867 2088 τις
1912 2003 2341 2091 ἀπαλλάξειε,

202 2119 374 2195 μίσει
415 2111 572 2180 τότε
615 2108 708 2190 ὦς
755 2105 1111 2179 ἀδικοῦντα
1157 2110 1292 2195 ἐμέ.
1367 2115 1479 2178 καὶ
1525 2111 1654 2201 μὴν
1691 2106 1973 2193 κάκεῖνο,
2020 2097 2074 2177 ὦ
2106 2111 2341 2194 πάτερ,

205 2208 306 2283 οὐκ
362 2242 441 2282 αν
501 2208 859 2304 ὀκνήσαιμι
920 2213 1172 2294 εἰπεῖν,
1232 2207 1339 2281 ότι
1399 2213 1460 2281 εἰ
1515 2217 1623 2282 καὶ
1684 2214 1775 2301 μὴ
1835 2216 2076 2292 τελέως
2132 2206 2344 2293 ου’τως

204 2311 600 2406 ἀπέγνωστο,
648 2312 819 2384 ἀλλά
863 2343 967 2396 τις
1012 2317 1113 2385 ε’τι
1153 2324 1487 2406 σωτηρίας
1521 2317 1715 2396 ελπὶς
1743 2314 2178 2439 ὑπεφαίνετο,
2228 2311 2343 2384 οὐκ

208 2448 276 2489 αν
334 2416 484 2489 οὗδὲ
545 2418 718 2488 ου’τω
780 2421 1033 2509 ῥᾳδίως
1088 2420 1553 2509 προσηψάμην
1613 2414 1762 2487 οὐδ’
1830 2448 1910 2486 αυ
1971 2426 2343 2507 προχείρως

206 2524 540 2610 φάρμακον
609 2524 828 2610 εγχέαι
895 2522 1232 2610 ετόλμησα
1299 2521 1536 2600 δεδιώς
1600 2521 1721 2609 τὴν
1786 2522 1982 2613 τύχην
2046 2526 2154 2590 καὶ
2222 2522 2342 2611 τὴν

205 2625 373 2713 παρὰ
419 2631 556 2693 τῶν
600 2628 870 2694 πολλῶν
891 2627 1323 2749 δυσφημίαν.
1415 2621 1577 2713 ορᾷς
1622 2621 1716 2703 ὥς
1775 2625 2038 2693 οἴονται
2094 2625 2343 2704 πάντες

206 2724 361 2796 εἶναί
402 2755 470 2798 τι
529 2743 729 2813 μῖσος
779 2727 955 2816 πρὸς
1009 2753 1167 2807 τους
1225 2727 1600 2813 προγόνους
1658 2727 1917 2806 πάσαις
1970 2742 2340 2817 μητρυιαῖς,

131 2819 310 2896 186καν
349 2816 481 2898 ὥσι
487 2837 836 2954 χρησταί,
899 2837 1015 2897 καί
1055 2857 1209 2897 τινα
1252 2829 1480 2916 κοινὴν
1538 2836 1786 2913 μανίαν
1831 2830 2077 2952 ταύτην
2119 2856 2342 2917 γυναι-

205 2938 365 2999 κείαν
429 2926 640 3010 αύτὰς
691 2937 1089 3020 μεμηνέναις
1153 2925 1303 3015 τάχ’
1381 2958 1462 2998 αν
1531 2957 1646 2998 ουν
1712 2956 1817 3010 τις
1883 2931 2339 3014 ὑπώπτευσεν,

208 3027 403 3113 αλλως
443 3034 871 3122 χωρήσαντος
913 3037 1034 3099 τοῦ
1075 3037 1282 3100 κακοῦ
1324 3036 1436 3100 καὶ
1479 3036 1617 3098 τῶν
1665 3033 2035 3120 φαρμάκων
2097 3028 2172 3100 οὗ
2236 3035 2340 3099 δυ-

207 3143 559 3223 νηθέντων,
617 3135 918 3225 κακοήθη
975 3140 1087 3202 καὶ
1134 3134 1414 3221 δολερὰν
1459 3134 1594 3256 τὴν
1641 3141 2022 3222 θεραπείαν
2076 3141 2335 3221 γεγονέ-

209 3261 321 3305 ναι.
406 3244 510 3305 32.
556 3240 666 3305 καὶ
710 3235 796 3303 τὰ
840 3237 961 3321 μὲν
1002 3240 1122 3324 τῆς
1164 3236 1492 3323 γυναικός,
1540 3263 1593 3302 ω
1643 3237 1880 3323 πάτερ,
1929 3231 2140 3315 οὕτως
2185 3239 2337 3321 έχει,
2367 3251 2442 3308 32

207 3342 304 3405 καὶ
341 3340 518 3407 πάνυ
565 3363 676 3408 σοι
720 3339 1088 3427 τετηρηκώς
1150 3340 1346 3425 λέγω·
1409 3334 1488 3406 ού
1546 3364 1716 3406 ποτε
1774 3340 1935 3428 ῥᾷον
1995 3340 2160 3422 ε’ξει,
2218 3330 2339 3407 κάν

209 3442 492 3528 μυριάκις
556 3448 683 3529 πίῃ
742 3444 863 3506 τοῦ
925 3440 1309 3528 φαρμάκου·
1381 3440 1494 3531 διά
1560 3434 1733 3508 τοῦτ’
1809 3440 2169 3528 ἐπιχειρεῖν
2226 3437 2342 3510 οὖκ

211 3536 394 3627 ἀξιον,
440 3545 500 3612 εἰ
543 3543 636 3634 μὴ
684 3543 860 3629 πρὸς
899 3543 1106 3628 μόνον
1149 3542 1225 3610 τὸ
1276 3536 1635 3627 ἀποτυχεῖν
1677 3569 1763 3628 με
1804 3552 2201 3634 κατεπείγῃς
2230 3550 2337 3613 καὶ

210 3647 538 3736 κακοδοξίᾳ
581 3648 977 3732 περιβαλεῖν
1021 3647 1251 3733 θέλῃς.
1340 3646 1540 3713 ἔασον
1585 3641 1720 3713 ὕπὸ
1781 3650 1913 3714 τῶν
1967 3644 2340 3732 ὁμοτέχνων

214 3754 628 3834 φθονεῖσθαι.
720 3747 838 3816 ἐὰν
882 3750 955 3815 δέ
997 3773 1082 3833 με
1128 3742 1551 3836 ἀποκηρύξῃς
1594 3748 1821 3832 πάλιν,
1871 3748 1997 3835 ἐγώ
2042 3751 2162 3834 μὲν
2193 3758 2341 3818 καί-

213 3875 307 3917 τοι
349 3851 609 3919 πάντων
654 3851 897 3938 ἕρημος
938 3851 1291 3937 γενόμενος
1336 3844 1528 3917 οὐδὲν
1572 3850 1741 3917 κατὰ
1788 3855 1908 3918 σοῦ
1968 3850 2185 3919 δεινὸν
2233 3848 2340 3919 εὕ-

218 3950 415 4035 ξομαι.
497 3961 566 4022 τί
611 3947 674 4020 6’
722 3948 822 4035 ὄὶν,
870 3946 1039 4041 ὅπερ
1069 3953 1160 4043 μὴ
1190 3958 1471 4039 γένοιτο,
1520 3940 1724 4031 αὖθις
1753 3950 1793 4042 ἦ·
1829 3953 2025 4031 νόσος
2056 3953 2342 4023 ἐπανέλ-
