2800 4500
427 273 465 331 2
1318 278 1689 332 ΔΟΥΚΙΑΝΟΥ

429 433 509 510 ὃν
568 447 764 510 τοῦτο
823 449 1210 529 παρέπαιον
1280 439 1657 530 ἀλλοτρίοις
1725 445 2088 530 ἰαμβείοις,
2157 438 2232 512 οὗ
2292 444 2580 534 φαύλοις

425 549 898 632 κατεσχημένοι
942 584 1022 593 -
1073 540 1224 612 ἀλλ’
1280 540 1404 633 ἀφ’
1445 541 1520 613 οὗ
1567 545 1645 635 δὴ
1691 546 1775 611 τὰ
1823 546 1891 613 ἐν
1935 549 2104 613 ποσὶ
2146 550 2359 612 ταῦτα
2402 552 2578 612 κεκί-
2623 563 2664 612 4

427 672 639 734 νηται,
685 643 719 714 5
771 647 1066 732 πόλεμος
1111 645 1144 715 5
1196 647 1368 732 πρὸς
1414 646 1569 725 τοὺς
1609 647 1987 735 βαρβάρους
2031 652 2142 716 καὶ
2186 647 2262 715 τὸ
2314 648 2381 715 ἐν
2418 642 2579 732 Ἀρ·-

425 754 622 837 μενία
650 754 911 837 τραῦμα
941 752 1049 816 καὶ
1086 777 1153 816 αι
1190 764 1478 832 συνεχεῖς
1509 764 1703 831 νῖκαι,
1752 744 2026 828 οὐδεὶς
2000 745 2187 828 όστις
2233 776 2347 833 ουχ
2396 751 2580 816 ἱστο-

427 856 577 930 ρίαν
624 852 1006 940 συγγράφει,
1052 854 1303 935 μᾶλλον
1350 853 1423 917 δε
1472 851 1876 919 Θουκυδίδαι
1919 854 2031 918 καὶ
2069 848 2424 936 Ἡρόδοτοι
2467 855 2580 917 καὶ

425 954 857 1041 Ξενοφῶντες
900 950 1058 1041 ἡμῖν
1104 947 1416 1034 άπαντες,
1462 956 1573 1021 καὶ
1619 949 1710 1031 ὥς
1758 953 1984 1035 εὀικεν,
2035 948 2289 1080 ἀληθὲς
2336 947 2445 1039 α’ρ’
2498 950 2580 1039 ἠν

429 1054 633 1122 ἐκεῖνο
678 1054 753 1122 τό
801 1055 1156 1139 ,,Πόλεμος
1203 1051 1521 1122 ἁπάντων
1568 1055 1835 1143 πατήρ“
1838 1108 1853 1136 ,
1915 1056 1979 1149 εἴ
2018 1081 2091 1142 γε
2139 1058 2251 1122 καὶ
2297 1079 2583 1142 συγγρα-

354 1163 395 1218 3
433 1162 602 1245 φέας
656 1180 1014 1235 τοσουτους
1072 1151 1398 1244 ἀνέφυσεν
1456 1153 1589 1223 ὑπὸ
1649 1161 1778 1245 μιᾷ
1817 1161 1899 1245 τῇ
1956 1153 2149 1245 ὁρμῇ.
2241 1162 2300 1224 3.
2368 1161 2582 1224 ταῦτα

424 1266 679 1340 τοίνυν,
739 1246 793 1324 ῶ
841 1258 1153 1347 φιλότης,
1211 1256 1476 1347 ὁρῶντα
1518 1263 1630 1327 καὶ
1677 1254 2000 1327 άκούοντά
2045 1285 2131 1344 με
2173 1260 2248 1327 τὸ
2296 1263 2416 1327 τοῦ
2459 1266 2582 1326 Σι-

427 1366 705 1439 νωπέως
747 1361 954 1429 ἐκεῖνο
1001 1361 1345 1447 εἰσῆλθεν·
1407 1358 1618 1429 ὁπότε
1656 1360 1786 1483 γὰρ
1832 1358 1867 1429 5
1922 1365 2275 1441 Φίλιππος
2321 1361 2582 1448 ἐλέγετο

392 1459 548 1551 ’ἤδη
598 1463 1003 1545 ἐπελαύνειν,
1052 1465 1117 1531 οι
1161 1469 1529 1551 Κορίνθιοι
1573 1466 1822 1543 πάντες
1867 1464 2307 1551 ἐταράττοντο
2353 1468 2465 1531 καὶ
2511 1463 2581 1530 ἐν

427 1565 595 1652 έργω
641 1563 829 1654 ἦσαν,
876 1562 910 1632 5
957 1566 1078 1650 μὲν
1123 1559 1305 1632 όπλα
1350 1565 1820 1647 ἐπισκευάζων,
1867 1562 1901 1632 5
1953 1566 2024 1633 δὲ
2071 1567 2310 1645 λίθους
2353 1591 2580 1653 παρα-

429 1674 671 1757 φέρων,
719 1664 754 1736 5
804 1668 876 1734 δὲ
908 1667 1369 1751 ἐποικοδομῶν
1398 1672 1520 1735 τοῦ
1562 1674 1838 1750 τείχους,
1884 1664 1918 1735 5
1970 1669 2042 1735 δὲ
2081 1668 2361 1746 έπαλξιν
2404 1665 2579 1735 ὕπο-

429 1770 781 1859 στηρίζων,
843 1767 877 1838 5
929 1771 1000 1837 δὲ
1060 1766 1260 1849 ἄλλος
1306 1766 1467 1836 ἄλλο
1512 1797 1577 1837 τι
1634 1774 1768 1836 τῶν
1808 1777 2149 1858 χρησίμων
2194 1767 2576 1857 ὑπουργῶν·

426 1870 460 1939 5
526 1873 597 1938 δὲ
640 1878 959 1959 Διογένης
1018 1867 1192 1956 ὁρῶν
1248 1875 1488 1953 ταῦτα,
1551 1870 1702 1939 ἐπεὶ
1760 1872 1964 1958 μηδὲν
2024 1869 2191 1954 εἶχεν
2245 1865 2284 1938 5'
2340 1898 2407 1939 τι
2464 1875 2575 1938 καὶ

428 1974 717 2062 πράττοι
761 2013 844 2024 -
891 1968 1108 2051 οὐδεὶς
1151 1972 1275 2059 γὰρ
1323 1967 1506 2059 αὐτῷ
1558 1972 1623 2051 ἐς
1682 1967 1874 2040 οὐδὲν
1933 1972 2160 2062 ἐχρῆτο
2209 2013 2291 2022 -
2338 1973 2579 2054 διαζω-

427 2075 713 2159 σάμενος
755 2074 831 2142 τὸ
879 2075 1234 2159 τριβώνιον
1280 2075 1544 2162 σπουδῇ
1578 2074 1760 2157 μάλα
1802 2077 1913 2142 καὶ
1962 2070 2160 2152 αὐτὸς
2208 2074 2419 2142 ἐκύλιε
2462 2073 2580 2142 τὸν

426 2184 674 2260 πίθον,
735 2176 801 2243 ἐν
861 2171 916 2265 ᾦ
977 2176 1317 2264 ἐτύγχανεν
1377 2177 1606 2257 οἰκῶν,
1671 2172 1809 2243 ἅνω
1854 2180 1964 2244 καὶ
2012 2177 2191 2243 κάτω
2237 2180 2357 2243 τοῦ
2401 2183 2579 2262 Κρα-

428 2288 638 2348 νείου·
686 2287 800 2347 καί
831 2305 1011 2358 τινος
1039 2283 1172 2346 τῶν
1207 2274 1519 2368 συνήθων
1566 2278 1898 2366 ἐρομένου,
1954 2286 2038 2346 Τί
2081 2282 2293 2345 ταῦτα
2338 2293 2580 2360 ποιεῖς,

428 2382 480 2447 ὠ
527 2383 876 2472 Διόγενες,·
921 2385 1182 2463 Κυλίω,
1231 2380 1379 2469 ε’φη,
1427 2375 1603 2467 καγιὺ
1650 2381 1766 2448 τὸν
1812 2386 2056 2462 πίθον,
2106 2377 2197 2459 ὥς
2239 2379 2328 2468 μὴ
2375 2380 2582 2463 μόνος

357 2494 397 2548 4
435 2479 655 2571 ἀργεῖν
703 2485 967 2572 δοκοίην
1012 2483 1078 2550 ἐν
1122 2483 1470 2561 τοσούτοις
1509 2482 1985 2567 ἐργαζομένοις.
2056 2490 2114 2548 4.
2158 2479 2399 2560 καύτὸς
2444 2507 2580 2563 ουν,

429 2584 481 2651 ῶ
533 2588 781 2667 Φίλων,
829 2610 937 2666 ως
965 2583 1055 2672 μὴ
1100 2584 1305 2668 μόνος
1352 2580 1623 2671 α’φωνος
1669 2583 1808 2669 είην
1856 2581 1923 2649 ἐν
1977 2575 2148 2648 ου’τω
2195 2582 2581 2671 πολυφώνῳ

428 2692 523 2775 τῶ
553 2692 763 2774 καιρῶ
791 2682 951 2776 μηδ>
990 2680 1219 2771 ὥσπερ
1251 2684 1541 2768 κωμικὸν
1572 2685 2009 2808 δορυφόρημα
2037 2683 2321 2773 κεχηνώς
2352 2689 2583 2773 σιωπῇ

430 2797 967 2911 παραφεροίμην,
1013 2789 1294 2866 καλῶς’
1275 2787 1444 2869 έχειν
1475 2783 1813 2871 ὑπέλαβον
1859 2783 1949 2865 ῶς
1981 2786 2259 2853 δυνατόν
2303 2812 2424 2871 μοι
2467 2813 2582 2852 κυ-

432 2897 614 2960 λῖσαι
661 2891 778 2959 τὸν
823 2897 1060 2972 πίθον,
1111 2915 1224 2972 ουχ
1271 2885 1360 2967 ῶς
1409 2890 1710 2971 ιστορίαν
1756 2887 2158 2976 συγγράφειν
2205 2881 2357 2954 ουδὲ
2403 2888 2584 2974 πρά-

431 2996 565 3072 ξεις
612 2989 812 3061 αὐτὸν
859 2993 1209 3072 διεξιέναι·
1272 3017 1385 3074 ουχ
1432 2985 1604 3058 ου’τω
1649 2990 2147 3077 μεγαλότολμος
2192 2990 2351 3076 ἐγώ,
2383 2991 2583 3078 μηδὲ

428 3101 625 3164 τοῦτο
674 3098 897 3183 δείσῃς
941 3097 1101 3180 περὶ
1148 3093 1338 3177 ἐμοῦ·
1398 3090 1551 3160 οἶδα
1594 3093 1748 3179 γάρ,
1796 3088 2019 3182 ἡλίκος
2062 3089 2096 3159 5
2143 3093 2472 3173 κίνδυνος,
2520 3094 2584 3159 εἰ

427 3198 596 3265 κατὰ
652 3203 784 3264 τῶν
840 3200 1105 3284 πετρῶν
1160 3197 1375 3263 κυλίοι
1431 3221 1563 3277 τις,
1621 3199 1734 3262 καὶ
1789 3195 2085 3279 μάλιστα
2142 3193 2283 3262 οἷον
2329 3189 2582 3279 τούμὸν

430 3305 624 3368 τοῦτο
657 3299 1024 3366 πιθάκνιον
1057 3293 1208 3365 οὐδὲ
1238 3297 1417 3364 πάνυ
1448 3300 1779 3382 καρτερῶς
1809 3301 2393 3381 κεκεραμευμένον·
2429 3296 2584 3385 δεή-

431 3425 535 3469 σει
577 3400 702 3488 γὰρ
751 3394 988 3466 αὐτίκα
1031 3398 1212 3484 μάλα
1257 3398 1431 3484 πρὸς
1473 3398 1708 3486 μικρόν
1749 3425 1823 3496 τι
1848 3398 2147 3465 λιθίδιον
2191 3404 2581 3483 προσπταί-

432 3526 671 3580 σαντος
725 3502 1057 3587 συλλέγειν
1102 3499 1184 3566 τὰ
1231 3496 1543 3584 ὄστρακα.
1633 3507 1701 3567 τί
1746 3496 1859 3566 οὖν
1921 3501 2241 3587 ἔγνωσταί
2294 3525 2412 3582 μοι
2467 3503 2582 3568 καὶ

431 3600 623 3683 ὅπως
681 3598 1005 3691 ἀσφαλῶς
1061 3603 1328 3688 μεθέξω
1375 3606 1496 3669 τοῦ
1541 3591 1870 3725 πολέμου,
1937 3599 2133 3679 αὐτὸς
2177 3600 2302 3680 ἔξω
2345 3604 2583 3686 βέλους

431 3707 667 3787 ἑστώς,
728 3705 850 3792 ἐγω
912 3729 1021 3773 σοι
1068 3705 1329 3794 φράσω.
1419 3704 1698 3786 ,,τούτου
1744 3705 1863 3787 μὲν
1914 3706 2172 3770 καπνοῦ
2214 3706 2324 3770 καὶ
2369 3698 2579 3789 κόμα-

431 3813 589 3887 τος“
632 3811 742 3875 καὶ
781 3808 1173 3926 φροντίδων,
1221 3800 1380 3873 όσαι
1410 3809 1506 3892 τῷ
1538 3804 1939 3893 συγγράφειν
1984 3803 2246 3886 ἐ’νεισιν,
2296 3800 2576 3889 ἆνείρξω

432 3908 716 3994 ἐμαυτὸν
764 3934 831 3975 ευ
876 3913 1111 3991 ποιῶν,
1158 3915 1557 3995 παραίνεσιν
1604 3908 1676 3973 δέ
1704 3933 1856 3973 τινα
1898 3905 2137 3994 ταύτην
2180 3904 2421 3990 μικρὰν
2464 3912 2575 3974 καὶ

431 4011 786 4101 ὑποθήκας
828 4012 1075 4089 ταύτας
1118 4005 1347 4097 ὀλίγας
1390 4007 1835 4095 υποθήσομαι
1880 4021 2023 4086 τοῖς
2063 4006 2575 4095 συγγράφουσιν,
