2800 4500
396 240 475 299 VI

411 416 658 480 Vindob.
694 418 810 481 123
841 410 914 479 Β.
996 415 1121 477 Vat.
1158 416 1237 477 87
1273 413 1344 477 21.
1420 414 1547 476 Vat.
1584 417 1665 479 90
1696 408 1767 494 Γ,
1805 411 2202 475 Laurentium
2233 415 2311 474 77
2336 408 2403 470 Φ
2434 429 2549 475 an-

393 551 579 636 tiqua
622 569 849 615 manus
864 549 952 631 ¹⁸³),
1010 552 1370 614 Marcianus
1414 553 1537 614 436
1569 544 1663 613 Ψ.
1733 551 2091 612 Mutinensis
2147 550 2298 629 193,
2344 548 2544 610 Marc.

394 692 519 753 434
549 681 653 770 Ω;
714 685 947 771 quibus
992 683 1515 783 adnumerandus
1561 690 1657 750 est
1702 689 1831 749 cod.
1895 686 2020 748 Vat.
2077 687 2269 765 1324,
2316 682 2545 748 Nileni

391 822 793 888 humanitate
836 842 1042 907 nuper
1084 842 1333 888 meeum
1378 822 1914 902 communicatus,
1963 823 2328 883 Parisiensz‘s
2370 821 2541 883 3673

392 958 621 1042 (Ath.),
678 960 791 1043 qui
832 959 1107 1043 primum
1160 977 1241 1023 ex
1300 965 1486 1043 parte
1532 978 1573 1023 a
1615 977 1718 1023 me
1762 957 2034 1023 collatus
2090 961 2188 1022 est
2243 956 2313 1020 in
2368 955 2539 1021 libro

392 1094 474 1161 de
518 1095 882 1177 saltatione,
930 1101 993 1161 et
1021 1096 1080 1161 si
1109 1094 1253 1179 quis
1281 1100 1538 1179 praeter
1583 1114 1691 1161 eos
1720 1093 1927 1161 bonae
1961 1092 2165 1176 frugis
2193 1111 2274 1157 ex
2304 1075 2548 1173 magna

393 1230 686 1296 codicum
729 1232 918 1316 eopia
960 1232 1099 1298 sive
1149 1237 1438 1315 repertus
1497 1236 1594 1296 est
1651 1231 1792 1296 sive
1842 1229 2108 1316 posthae
2164 1227 2542 1314 reperietur.

563 1367 681 1433 His
724 1369 922 1451 igitur
963 1369 1311 1453 praecipue
1369 1387 1513 1433 oum
1569 1368 1746 1432 iuvet
1797 1364 2289 1449 diligentissime
2348 1383 2543 1429 exou-

388 1503 624 1570 tiendis
668 1523 930 1588 operam
974 1503 1147 1587 dare,
1194 1504 1561 1587 gratissimo
1595 1509 1811 1568 tamen
1842 1502 2056 1568 animo
2089 1500 2541 1585 accipiendum

386 1644 509 1721 est,
564 1638 880 1724 quidquid
924 1639 1059 1705 alia
1101 1640 1349 1706 ratione
1396 1639 1482 1704 ad
1525 1639 1799 1704 Luciani
1842 1637 2057 1704 studia
2099 1635 2538 1722 promovenda

387 1775 883 1858 investigabitur
905 1795 1110 1859 eoque
1131 1776 1437 1841 libentius
1460 1775 1688 1860 quovis
1709 1776 1969 1841 invento
1993 1763 2355 1857 eventuque
2379 1794 2544 1858 gau-

384 1909 697 1994 debimus,
743 1931 870 1995 quo
913 1911 1150 1977 clarius
1196 1918 1350 1995 quot
1393 1917 1800 1996 quantasque
1844 1909 2254 1977 difficultates
2295 1910 2537 1976 habeat

381 2046 656 2112 Luciani
701 2046 1134 2130 conformatio,
1179 2053 1584 2134 perspectum
1628 2047 1768 2113 erit.

545 2183 661 2249 Est
706 2183 875 2249 enim
921 2184 1196 2250 Luciani
1239 2190 1474 2250 natura
1516 2184 1733 2250 Protei
1784 2183 2115 2250 simillima
2169 2190 2301 2250 tam
2346 2183 2534 2249 varia

374 2338 453 2385 ao
496 2319 825 2403 flexibilis,
871 2326 941 2385 ut
985 2318 1174 2385 modo
1217 2320 1572 2403 prehensus
1615 2321 1756 2405 ipse
1794 2322 1922 2386 oito
1968 2319 2263 2403 aufugiat
2308 2325 2371 2385 et
2416 2319 2530 2402 qui

372 2455 739 2522 levissimus
788 2460 852 2521 et
895 2454 1392 2521 iucundissimus
1438 2455 1508 2519 in
1553 2455 1701 2521 aliis
1758 2456 2011 2540 scriptis
2069 2461 2193 2538 est,
2251 2457 2322 2521 in
2379 2456 2529 2521 aliis

369 2592 453 2656 sit
519 2592 939 2673 gravissimus
1022 2598 1085 2657 et
1150 2591 1623 2675 severissimus3
1697 2610 1904 2658 sermo
1969 2597 2184 2658 autem
2246 2612 2377 2657 non
2443 2610 2528 2656 ex

370 2727 695 2792 communi
767 2728 1001 2793 aetatis
1060 2746 1217 2793 suae
1273 2728 1411 2792 vita
1467 2734 1695 2812 sponte
1753 2734 1979 2793 enatus
2035 2727 2150 2794 sed
2206 2727 2524 2811 singulari

366 2861 687 2928 industria
732 2869 796 2929 et
847 2869 986 2928 arte
1048 2881 1137 2928 ex
1177 2864 1461 2946 antiquis
1517 2863 1749 2930 litteris
1804 2869 2027 2947 partus
2085 2868 2150 2929 et
2206 2863 2520 2946 excultus,

365 3004 500 3063 tam
557 3019 687 3064 non
746 2999 937 3064 oertis
991 2997 1223 3064 finibus
1281 2999 1798 3084 circumscriptus
1853 3005 1980 3081 est,
2040 3004 2109 3064 ut
2167 2998 2325 3081 quid
2382 3000 2523 3065 eius

363 3134 725 3217 proprium,
786 3134 941 3217 quid
1001 3135 1315 3218 alienum,
1376 3135 1533 3219 quid
1576 3156 1691 3220 per
1742 3137 1927 3201 varia
1981 3134 2335 3202 studiorum
2390 3156 2522 3201 mo-

363 3276 580 3335 menta
624 3269 707 3335 ab
750 3272 892 3355 ipso
936 3277 1248 3337 mutatum
1295 3278 1358 3338 et
1400 3278 1825 3356 temperatum
1883 3273 1997 3355 sit,
2042 3291 2239 3356 aegre
2284 3270 2520 3338 discer-

362 3424 610 3470 namus.

529 3542 633 3606 Ita
671 3540 758 3622 fit,
806 3547 877 3606 ut
906 3561 990 3606 ne
1019 3542 1089 3606 in
1119 3543 1504 3609 coniecturis
1534 3543 1792 3627 quidem
1825 3564 2042 3610 eorum
2074 3564 2241 3627 quae
2273 3543 2409 3609 dixi
2426 3544 2514 3623 **)

530 3813 579 3875 ¹⁸¹)
616 3809 812 3865 Rhoin.
839 3809 984 3864 Mus.
1016 3814 1141 3865 1881
1171 3829 1227 3882 p.
1254 3814 1542 3867 314-316.
1615 3813 1796 3869 Ueber
1831 3815 1921 3870 dio
1954 3813 2512 3870 Lucianhandschrift

360 3913 419 3961 77
461 3908 521 3962 in
557 3909 657 3963 der
690 3907 1067 3963 Laurentiana
1100 3926 1171 3965 zu
1207 3910 1454 3967 Floronz.

488 4015 571 4079 **)
608 4012 727 4068 Vol.
753 4011 782 4065 1
827 4011 886 4066 P.
913 4012 948 4082 Ι1
982 4030 1038 4083 p.
1071 4013 1219 4068 VIII.
1267 4015 1371 4070 vol.
1398 4015 1425 4068 1
1469 4016 1529 4070 Ρ.
1569 4017 1621 4072 11
1663 4034 1718 4087 p.
1758 4016 1854 4072 111.
