<?xml version="1.0" encoding="UTF-8"?>
<!DOCTYPE html PUBLIC "-//W3C//DTD XHTML 1.0 Transitional//EN"
    "http://www.w3.org/TR/xhtml1/DTD/xhtml1-transitional.dtd">
<html xmlns="http://www.w3.org/1999/xhtml" xml:lang="en" lang="en">
 <head>
  <title>
</title>
<meta http-equiv="Content-Type" content="text/html;charset=utf-8" />
  <meta name='ocr-system' content='tesseract 3.04.00' />
  <meta name='ocr-capabilities' content='ocr_page ocr_carea ocr_par ocr_line ocrx_word'/>
</head>
<body>
  <div class='ocr_page' id='page_1' title='image "./lucianus00sommgoog/lucianus00sommgoog_0341.png"; bbox 0 0 2800 4500; ppageno 0'>
   <div class='ocr_carea' id='block_1_1' title="bbox 1084 284 2356 346">
    <p class='ocr_par' dir='ltr' id='par_1_1' title="bbox 1084 284 2356 346">
     <span class='ocr_line' id='line_1_1' title="bbox 1084 284 2356 346; baseline 0.006 -7"><span class='ocrx_word' id='word_1_1' title='bbox 1084 284 1469 340; x_wconf 73' lang='lat' dir='ltr'><strong>ABch‘rtJS.</strong></span> <span class='ocrx_word' id='word_1_2' title='bbox 2232 286 2356 346; x_wconf 83' lang='grc'><em>325</em></span> 
     </span>
    </p>
   </div>
   <div class='ocr_carea' id='block_1_2' title="bbox 201 455 2376 4121">
    <p class='ocr_par' dir='ltr' id='par_1_2' title="bbox 403 455 2361 746">
     <span class='ocr_line' id='line_1_2' title="bbox 403 455 2361 544; baseline 0.003 -23"><span class='ocrx_word' id='word_1_3' title='bbox 403 467 523 543; x_wconf 81' lang='grc' dir='ltr'><em>τῷ</em></span> <span class='ocrx_word' id='word_1_4' title='bbox 568 455 887 544; x_wconf 79' lang='grc' dir='ltr'><em>φαρμάκῳ</em></span> <span class='ocrx_word' id='word_1_5' title='bbox 935 459 1075 520; x_wconf 84' lang='lat' dir='ltr'><strong>Cob.</strong></span> <span class='ocrx_word' id='word_1_6' title='bbox 1121 493 1205 506; x_wconf 89' lang='lat'><em>—-</em></span> <span class='ocrx_word' id='word_1_7' title='bbox 1249 465 1380 522; x_wconf 82' lang='grc' dir='ltr'><em>καὶ</em></span> <span class='ocrx_word' id='word_1_8' title='bbox 1424 455 1964 541; x_wconf 78' lang='grc' dir='ltr'><em>μνησικακήσαντι</em></span> <span class='ocrx_word' id='word_1_9' title='bbox 2006 458 2026 544; x_wconf 73' lang='lat' dir='ltr'>fl</span> <span class='ocrx_word' id='word_1_10' title='bbox 2065 481 2189 525; x_wconf 89' lang='lat' dir='ltr'><em>om.</em></span> <span class='ocrx_word' id='word_1_11' title='bbox 2234 468 2361 526; x_wconf 84' lang='grc' dir='ltr'><em>καὶ</em></span> 
     </span>
     <span class='ocr_line' id='line_1_3' title="bbox 419 555 2361 647; baseline 0.004 -25"><span class='ocrx_word' id='word_1_12' title='bbox 419 560 737 623; x_wconf 77' lang='lat' dir='ltr'><strong>Sohwartz.</strong></span> <span class='ocrx_word' id='word_1_13' title='bbox 783 597 867 607; x_wconf 96' lang='lat'><strong>—</strong></span> <span class='ocrx_word' id='word_1_14' title='bbox 912 557 1091 626; x_wconf 75' lang='grc' dir='ltr'><em>ὅσοι</em></span> <span class='ocrx_word' id='word_1_15' title='bbox 1123 569 1456 643; x_wconf 89' lang='grc' dir='ltr'><em>παρῆσαν</em></span> <span class='ocrx_word' id='word_1_16' title='bbox 1480 566 1749 643; x_wconf 82' lang='grc' dir='ltr'><em>χρηστοὶ</em></span> <span class='ocrx_word' id='word_1_17' title='bbox 1777 555 1798 643; x_wconf 81' lang='grc' dir='ltr'>Ι</span> <span class='ocrx_word' id='word_1_18' title='bbox 1825 558 2160 647; x_wconf 79' lang='grc' dir='ltr'><em>ὅσοιπερ</em></span> <span class='ocrx_word' id='word_1_19' title='bbox 2199 560 2361 646; x_wconf 81' lang='grc' dir='ltr'><em>ἦσαν</em></span> 
     </span>
     <span class='ocr_line' id='line_1_4' title="bbox 423 660 2149 746; baseline 0.002 -22"><span class='ocrx_word' id='word_1_20' title='bbox 423 663 567 726; x_wconf 80' lang='lat' dir='ltr'><strong>Cob.</strong></span> <span class='ocrx_word' id='word_1_21' title='bbox 613 699 698 709; x_wconf 90' lang='lat'>—</span> <span class='ocrx_word' id='word_1_22' title='bbox 740 689 801 726; x_wconf 90' lang='grc' dir='ltr'><em>τι</em></span> <span class='ocrx_word' id='word_1_23' title='bbox 847 661 1198 728; x_wconf 83' lang='grc' dir='ltr'><em>παλαιὸν</em></span> <span class='ocrx_word' id='word_1_24' title='bbox 1243 661 1585 744; x_wconf 74' lang='grc' dir='ltr'><em>ὕπουροῦν</em></span> <span class='ocrx_word' id='word_1_25' title='bbox 1614 660 1633 746; x_wconf 86' lang='grc' dir='ltr'><em>ΙΙ</em></span> <span class='ocrx_word' id='word_1_26' title='bbox 1663 661 1911 727; x_wconf 80' lang='grc' dir='ltr'><em>πάλαι</em></span> <span class='ocrx_word' id='word_1_27' title='bbox 1957 665 2149 727; x_wconf 83' lang='lat' dir='ltr'><strong>Sehw.</strong></span> 
     </span>
    </p>

    <p class='ocr_par' dir='ltr' id='par_1_3' title="bbox 244 761 2363 1153">
     <span class='ocr_line' id='line_1_5' title="bbox 244 761 2362 852; baseline 0.004 -28"><span class='ocrx_word' id='word_1_28' title='bbox 244 784 299 828; x_wconf 82' lang='lat' dir='ltr'><em>e.</em></span> <span class='ocrx_word' id='word_1_29' title='bbox 328 770 384 826; x_wconf 88' lang='lat'><em>6.</em></span> <span class='ocrx_word' id='word_1_30' title='bbox 418 761 583 846; x_wconf 89' lang='grc' dir='ltr'><em>πρὸς</em></span> <span class='ocrx_word' id='word_1_31' title='bbox 610 770 729 841; x_wconf 76' lang='grc' dir='ltr'><em>μὲν</em></span> <span class='ocrx_word' id='word_1_32' title='bbox 759 762 879 846; x_wconf 79' lang='grc' dir='ltr'><em>γὰρ</em></span> <span class='ocrx_word' id='word_1_33' title='bbox 925 762 1080 843; x_wconf 80' lang='grc' dir='ltr'><em>τοὺς</em></span> <span class='ocrx_word' id='word_1_34' title='bbox 1123 763 1364 842; x_wconf 78' lang='grc' dir='ltr'><em>ἄλλους</em></span> <span class='ocrx_word' id='word_1_35' title='bbox 1410 764 1775 847; x_wconf 74' lang='grc' dir='ltr'><em>ἡμερωτέρα</em></span> <span class='ocrx_word' id='word_1_36' title='bbox 1819 773 1926 830; x_wconf 82' lang='grc' dir='ltr'><em>καὶ</em></span> <span class='ocrx_word' id='word_1_37' title='bbox 1970 765 2201 852; x_wconf 78' lang='grc' dir='ltr'><em>πρᾳεῖά</em></span> <span class='ocrx_word' id='word_1_38' title='bbox 2233 771 2362 833; x_wconf 83' lang='grc' dir='ltr'><em>ἐστι</em></span> 
     </span>
     <span class='ocr_line' id='line_1_6' title="bbox 418 864 2362 951; baseline 0.001 -21"><span class='ocrx_word' id='word_1_39' title='bbox 418 872 527 930; x_wconf 78' lang='grc' dir='ltr'><em>καὶ</em></span> <span class='ocrx_word' id='word_1_40' title='bbox 562 864 1004 947; x_wconf 79' lang='grc' dir='ltr'><em>παρόντων</em></span> <span class='ocrx_word' id='word_1_41' title='bbox 1051 864 1305 949; x_wconf 84' lang='grc' dir='ltr'><em>εἰρήνην</em></span> <span class='ocrx_word' id='word_1_42' title='bbox 1336 865 1472 946; x_wconf 79' lang='grc' dir='ltr'><em>ἀγει</em></span> <span class='ocrx_word' id='word_1_43' title='bbox 1501 864 1521 951; x_wconf 65' lang='lat' dir='ltr'>u</span> <span class='ocrx_word' id='word_1_44' title='bbox 1552 864 2022 949; x_wconf 84' lang='grc' dir='ltr'><em>[παρόντων]</em></span> <span class='ocrx_word' id='word_1_45' title='bbox 2070 870 2234 933; x_wconf 80' lang='lat' dir='ltr'><em>det.</em></span> <span class='ocrx_word' id='word_1_46' title='bbox 2281 905 2362 917; x_wconf 92' lang='lat'><em>-—-</em></span> 
     </span>
     <span class='ocr_line' id='line_1_7' title="bbox 422 965 2363 1054; baseline 0.003 -21"><span class='ocrx_word' id='word_1_47' title='bbox 422 965 503 1033; x_wconf 77' lang='grc' dir='ltr'><em>ἂν</em></span> <span class='ocrx_word' id='word_1_48' title='bbox 549 972 616 1033; x_wconf 80' lang='grc' dir='ltr'><em>δὲ</em></span> <span class='ocrx_word' id='word_1_49' title='bbox 658 993 804 1033; x_wconf 88' lang='grc' dir='ltr'><em>τινα</em></span> <span class='ocrx_word' id='word_1_50' title='bbox 850 967 1074 1052; x_wconf 86' lang='grc' dir='ltr'><em>ἰατρὸν</em></span> <span class='ocrx_word' id='word_1_51' title='bbox 1118 971 1242 1051; x_wconf 78' lang='grc' dir='ltr'><em>ἴδῃ</em></span> <span class='ocrx_word' id='word_1_52' title='bbox 1287 976 1395 1034; x_wconf 86' lang='grc' dir='ltr'><em>καὶ</em></span> <span class='ocrx_word' id='word_1_53' title='bbox 1425 968 1616 1035; x_wconf 81' lang='grc' dir='ltr'><em>τοῦτ’</em></span> <span class='ocrx_word' id='word_1_54' title='bbox 1661 967 1907 1052; x_wconf 76' lang='grc' dir='ltr'><em>ἀκούσῃ</em></span> <span class='ocrx_word' id='word_1_55' title='bbox 1949 968 2160 1048; x_wconf 91' lang='grc' dir='ltr'><em>μόνον</em></span> <span class='ocrx_word' id='word_1_56' title='bbox 2188 970 2207 1054; x_wconf 83' lang='grc' dir='ltr'><em>ΙΙ</em></span> <span class='ocrx_word' id='word_1_57' title='bbox 2238 974 2363 1054; x_wconf 81' lang='grc' dir='ltr'><em>ἴδῃ</em></span> 
     </span>
     <span class='ocr_line' id='line_1_8' title="bbox 419 1068 1867 1153; baseline 0.001 -19"><span class='ocrx_word' id='word_1_58' title='bbox 419 1068 458 1152; x_wconf 86' lang='grc' dir='ltr'>ἢ</span> <span class='ocrx_word' id='word_1_59' title='bbox 504 1072 696 1134; x_wconf 79' lang='lat' dir='ltr'><strong>Sehw,</strong></span> <span class='ocrx_word' id='word_1_60' title='bbox 741 1072 905 1134; x_wconf 76' lang='lat' dir='ltr'><em>det.</em></span> <span class='ocrx_word' id='word_1_61' title='bbox 949 1108 1032 1119; x_wconf 89' lang='lat'><em>—</em></span> <span class='ocrx_word' id='word_1_62' title='bbox 1078 1071 1312 1150; x_wconf 81' lang='grc' dir='ltr'><em>ἀξίαν</em></span> <span class='ocrx_word' id='word_1_63' title='bbox 1339 1069 1358 1153; x_wconf 94' lang='grc' dir='ltr'><em>ΙΙ</em></span> <span class='ocrx_word' id='word_1_64' title='bbox 1389 1070 1677 1151; x_wconf 82' lang='grc' dir='ltr'><em>ἀναξίαν</em></span> <span class='ocrx_word' id='word_1_65' title='bbox 1724 1073 1867 1136; x_wconf 81' lang='lat' dir='ltr'><strong>Oob.</strong></span> 
     </span>
    </p>

    <p class='ocr_par' dir='ltr' id='par_1_4' title="bbox 246 1170 2363 1359">
     <span class='ocr_line' id='line_1_9' title="bbox 246 1170 2363 1257; baseline 0.003 -23"><span class='ocrx_word' id='word_1_66' title='bbox 246 1193 296 1237; x_wconf 85' lang='lat' dir='ltr'><em>e.</em></span> <span class='ocrx_word' id='word_1_67' title='bbox 330 1180 384 1237; x_wconf 90' lang='grc'><em>7.</em></span> <span class='ocrx_word' id='word_1_68' title='bbox 419 1170 571 1237; x_wconf 81' lang='grc' dir='ltr'><em>οὔτε</em></span> <span class='ocrx_word' id='word_1_69' title='bbox 614 1170 861 1255; x_wconf 87' lang='grc' dir='ltr'><em>ἀρχὴν</em></span> <span class='ocrx_word' id='word_1_70' title='bbox 890 1172 909 1257; x_wconf 76' lang='grc' dir='ltr'><em>ΙΙ</em></span> <span class='ocrx_word' id='word_1_71' title='bbox 938 1171 1088 1239; x_wconf 79' lang='grc' dir='ltr'><em>οὔτε</em></span> <span class='ocrx_word' id='word_1_72' title='bbox 1133 1171 1275 1256; x_wconf 84' lang='grc' dir='ltr'><em>τὴν</em></span> <span class='ocrx_word' id='word_1_73' title='bbox 1321 1172 1574 1256; x_wconf 83' lang='grc' dir='ltr'><em>ἀρχὴν</em></span> <span class='ocrx_word' id='word_1_74' title='bbox 1618 1175 1780 1236; x_wconf 78' lang='lat' dir='ltr'><em>det.</em></span> <span class='ocrx_word' id='word_1_75' title='bbox 1843 1210 1923 1220; x_wconf 93' lang='lat'><em>—-</em></span> <span class='ocrx_word' id='word_1_76' title='bbox 1981 1172 2205 1256; x_wconf 81' lang='grc' dir='ltr'><em>πάσχει</em></span> <span class='ocrx_word' id='word_1_77' title='bbox 2246 1180 2363 1253; x_wconf 76' lang='grc' dir='ltr'><em>μὲν</em></span> 
     </span>
     <span class='ocr_line' id='line_1_10' title="bbox 425 1271 1723 1359; baseline 0 -20"><span class='ocrx_word' id='word_1_78' title='bbox 425 1271 776 1356; x_wconf 80' lang='grc' dir='ltr'><em>σύνηθες</em></span> <span class='ocrx_word' id='word_1_79' title='bbox 803 1273 822 1357; x_wconf 90' lang='grc' dir='ltr'><em>ΙΙ</em></span> <span class='ocrx_word' id='word_1_80' title='bbox 853 1272 929 1340; x_wconf 87' lang='grc' dir='ltr'><em>τὸ</em></span> <span class='ocrx_word' id='word_1_81' title='bbox 975 1272 1323 1359; x_wconf 78' lang='grc' dir='ltr'><em>σύνηθες</em></span> <span class='ocrx_word' id='word_1_82' title='bbox 1370 1277 1512 1340; x_wconf 84' lang='lat' dir='ltr'><strong>Cob.</strong></span> <span class='ocrx_word' id='word_1_83' title='bbox 1561 1277 1723 1339; x_wconf 81' lang='lat' dir='ltr'><em>det.</em></span> 
     </span>
    </p>

    <p class='ocr_par' dir='ltr' id='par_1_5' title="bbox 247 1377 2365 1870">
     <span class='ocr_line' id='line_1_11' title="bbox 247 1377 2365 1459; baseline 0.002 -20"><span class='ocrx_word' id='word_1_84' title='bbox 247 1399 299 1440; x_wconf 88' lang='lat' dir='ltr'><em>e.</em></span> <span class='ocrx_word' id='word_1_85' title='bbox 327 1384 385 1440; x_wconf 86' lang='grc'><em>9.</em></span> <span class='ocrx_word' id='word_1_86' title='bbox 418 1380 551 1442; x_wconf 81' lang='grc' dir='ltr'><em>ἐπεὶ</em></span> <span class='ocrx_word' id='word_1_87' title='bbox 595 1385 824 1443; x_wconf 83' lang='grc' dir='ltr'><em>τοίνυν</em></span> <span class='ocrx_word' id='word_1_88' title='bbox 870 1379 1158 1459; x_wconf 80' lang='grc' dir='ltr'><em>ἔξεστι,</em></span> <span class='ocrx_word' id='word_1_89' title='bbox 1216 1385 1347 1443; x_wconf 83' lang='grc' dir='ltr'><em>καὶ</em></span> <span class='ocrx_word' id='word_1_90' title='bbox 1391 1387 1514 1444; x_wconf 85' lang='grc' dir='ltr'><em>τοῦ</em></span> <span class='ocrx_word' id='word_1_91' title='bbox 1555 1385 1673 1456; x_wconf 81' lang='grc' dir='ltr'><em>μὲν</em></span> <span class='ocrx_word' id='word_1_92' title='bbox 1724 1382 2014 1459; x_wconf 79' lang='grc' dir='ltr'><em>ἐγκαλεῖν</em></span> <span class='ocrx_word' id='word_1_93' title='bbox 2069 1377 2282 1457; x_wconf 88' lang='grc' dir='ltr'><em>μόνου</em></span> <span class='ocrx_word' id='word_1_94' title='bbox 2327 1378 2365 1444; x_wconf 81' lang='grc' dir='ltr'><em>ὃ</em></span> 
     </span>
     <span class='ocr_line' id='line_1_12' title="bbox 424 1477 2363 1563; baseline 0.001 -19"><span class='ocrx_word' id='word_1_95' title='bbox 424 1477 633 1563; x_wconf 71' lang='grc' dir='ltr'><em>πατὴρ</em></span> <span class='ocrx_word' id='word_1_96' title='bbox 688 1477 913 1563; x_wconf 77' lang='grc' dir='ltr'><em>κύριος</em></span> <span class='ocrx_word' id='word_1_97' title='bbox 956 1482 975 1563; x_wconf 83' lang='grc' dir='ltr'><em>ΙΙ</em></span> <span class='ocrx_word' id='word_1_98' title='bbox 1015 1483 1147 1545; x_wconf 87' lang='grc' dir='ltr'><em>ἐπεὶ</em></span> <span class='ocrx_word' id='word_1_99' title='bbox 1203 1488 1434 1546; x_wconf 86' lang='grc' dir='ltr'><em>τοίνυν</em></span> <span class='ocrx_word' id='word_1_100' title='bbox 1490 1483 1578 1544; x_wconf 82' lang='grc' dir='ltr'><em>ἐσ</em></span> <span class='ocrx_word' id='word_1_101' title='bbox 1600 1507 1636 1546; x_wconf 92' lang='grc' dir='ltr'><em>τ</em></span> <span class='ocrx_word' id='word_1_102' title='bbox 1662 1488 1682 1545; x_wconf 81' lang='grc' dir='ltr'>ὶ</span> <span class='ocrx_word' id='word_1_103' title='bbox 1726 1491 1847 1547; x_wconf 84' lang='grc' dir='ltr'><em>τοῦ</em></span> <span class='ocrx_word' id='word_1_104' title='bbox 1902 1486 2019 1559; x_wconf 70' lang='grc' dir='ltr'><em>μὲν</em></span> <span class='ocrx_word' id='word_1_105' title='bbox 2075 1484 2363 1562; x_wconf 83' lang='grc' dir='ltr'><em>ἐγκαλεῖν</em></span> 
     </span>
     <span class='ocr_line' id='line_1_13' title="bbox 420 1579 2363 1666; baseline 0.002 -19"><span class='ocrx_word' id='word_1_106' title='bbox 420 1579 677 1659; x_wconf 87' lang='grc' dir='ltr'><em>μόνος</em></span> <span class='ocrx_word' id='word_1_107' title='bbox 723 1580 759 1646; x_wconf 80' lang='grc' dir='ltr'>ὁ</span> <span class='ocrx_word' id='word_1_108' title='bbox 804 1580 1013 1665; x_wconf 81' lang='grc' dir='ltr'><em>πατὴρ</em></span> <span class='ocrx_word' id='word_1_109' title='bbox 1059 1581 1283 1666; x_wconf 83' lang='grc' dir='ltr'><em>κύριος</em></span> <span class='ocrx_word' id='word_1_110' title='bbox 1328 1583 1491 1647; x_wconf 81' lang='lat' dir='ltr'><em>det.</em></span> <span class='ocrx_word' id='word_1_111' title='bbox 1531 1583 1618 1646; x_wconf 80' lang='lat' dir='ltr'><em>Of.</em></span> <span class='ocrx_word' id='word_1_112' title='bbox 1653 1603 1701 1647; x_wconf 84' lang='lat' dir='ltr'><em>c.</em></span> <span class='ocrx_word' id='word_1_113' title='bbox 1742 1591 1816 1645; x_wconf 87' lang='grc'><em>10</em></span> <span class='ocrx_word' id='word_1_114' title='bbox 1863 1583 2200 1666; x_wconf 81' lang='grc' dir='ltr'><em>ἐλεύθερος</em></span> <span class='ocrx_word' id='word_1_115' title='bbox 2242 1582 2363 1665; x_wconf 80' lang='grc' dir='ltr'><em>γὰρ</em></span> 
     </span>
     <span class='ocr_line' id='line_1_14' title="bbox 424 1680 2365 1768; baseline 0.001 -20"><span class='ocrx_word' id='word_1_116' title='bbox 424 1680 594 1766; x_wconf 85' lang='grc' dir='ltr'><em>ἦσθα</em></span> <span class='ocrx_word' id='word_1_117' title='bbox 629 1692 738 1749; x_wconf 85' lang='grc' dir='ltr'><em>καὶ</em></span> <span class='ocrx_word' id='word_1_118' title='bbox 767 1693 888 1750; x_wconf 84' lang='grc' dir='ltr'><em>τοῦ</em></span> <span class='ocrx_word' id='word_1_119' title='bbox 915 1683 1002 1768; x_wconf 83' lang='grc' dir='ltr'><em>μὴ</em></span> <span class='ocrx_word' id='word_1_120' title='bbox 1032 1701 1243 1751; x_wconf 83' lang='grc' dir='ltr'><em>ποιεῖν</em></span> <span class='ocrx_word' id='word_1_121' title='bbox 1287 1695 1492 1750; x_wconf 83' lang='grc' dir='ltr'><em>ταῦτα</em></span> <span class='ocrx_word' id='word_1_122' title='bbox 1522 1683 1761 1768; x_wconf 83' lang='grc' dir='ltr'><em>κύριος.</em></span> <span class='ocrx_word' id='word_1_123' title='bbox 1812 1721 1895 1732; x_wconf 92' lang='lat'><em>—-</em></span> <span class='ocrx_word' id='word_1_124' title='bbox 1940 1684 2103 1768; x_wconf 89' lang='grc' dir='ltr'><em>πρὸς</em></span> <span class='ocrx_word' id='word_1_125' title='bbox 2131 1685 2208 1751; x_wconf 86' lang='grc' dir='ltr'><em>τὸ</em></span> <span class='ocrx_word' id='word_1_126' title='bbox 2238 1689 2365 1751; x_wconf 82' lang='grc' dir='ltr'><em>ἐπὶ</em></span> 
     </span>
     <span class='ocr_line' id='line_1_15' title="bbox 423 1785 1699 1870; baseline 0 -20"><span class='ocrx_word' id='word_1_127' title='bbox 423 1796 717 1869; x_wconf 86' lang='grc' dir='ltr'><em>καιροῦ</em></span> <span class='ocrx_word' id='word_1_128' title='bbox 761 1793 978 1853; x_wconf 78' lang='grc' dir='ltr'><em>δοκεῖν</em></span> <span class='ocrx_word' id='word_1_129' title='bbox 1007 1785 1027 1870; x_wconf 84' lang='grc' dir='ltr'><em>ΙΙ</em></span> <span class='ocrx_word' id='word_1_130' title='bbox 1054 1791 1491 1870; x_wconf 80' lang='grc' dir='ltr'><em>ἐπίκαιρον</em></span> <span class='ocrx_word' id='word_1_131' title='bbox 1537 1788 1699 1850; x_wconf 80' lang='lat' dir='ltr'><em>det.</em></span> 
     </span>
    </p>

    <p class='ocr_par' dir='ltr' id='par_1_6' title="bbox 201 1887 2365 2179">
     <span class='ocr_line' id='line_1_16' title="bbox 201 1887 2364 1956; baseline 0.003 -7"><span class='ocrx_word' id='word_1_132' title='bbox 201 1908 256 1952; x_wconf 81' lang='lat' dir='ltr'><em>e.</em></span> <span class='ocrx_word' id='word_1_133' title='bbox 292 1895 388 1951; x_wconf 89' lang='lat'><em>10.</em></span> <span class='ocrx_word' id='word_1_134' title='bbox 420 1887 494 1954; x_wconf 87' lang='grc' dir='ltr'><em>τὸ</em></span> <span class='ocrx_word' id='word_1_135' title='bbox 552 1894 589 1953; x_wconf 90' lang='grc' dir='ltr'><em>δ</em></span> <span class='ocrx_word' id='word_1_136' title='bbox 608 1888 623 1911; x_wconf 84' lang='grc'><strong>’</strong></span> <span class='ocrx_word' id='word_1_137' title='bbox 680 1888 1103 1956; x_wconf 82' lang='grc' dir='ltr'><em>ἀνάπαυστον</em></span> <span class='ocrx_word' id='word_1_138' title='bbox 1159 1899 1359 1956; x_wconf 87' lang='grc' dir='ltr'><em>τοῦτο</em></span> <span class='ocrx_word' id='word_1_139' title='bbox 1421 1897 1527 1955; x_wconf 85' lang='grc' dir='ltr'><em>καὶ</em></span> <span class='ocrx_word' id='word_1_140' title='bbox 1585 1889 1797 1955; x_wconf 74' lang='grc' dir='ltr'><em>ἀΐδιον</em></span> <span class='ocrx_word' id='word_1_141' title='bbox 1855 1896 1962 1954; x_wconf 89' lang='grc' dir='ltr'><em>καὶ</em></span> <span class='ocrx_word' id='word_1_142' title='bbox 2021 1888 2192 1955; x_wconf 59' lang='grc' dir='ltr'><em>πολὺΔ</em></span> <span class='ocrx_word' id='word_1_143' title='bbox 2258 1897 2364 1955; x_wconf 86' lang='grc' dir='ltr'><em>καὶ</em></span> 
     </span>
     <span class='ocr_line' id='line_1_17' title="bbox 424 1989 2365 2078; baseline 0.001 -22"><span class='ocrx_word' id='word_1_144' title='bbox 424 1989 713 2076; x_wconf 75' lang='grc' dir='ltr'><em>ῥᾴδιον</em></span> <span class='ocrx_word' id='word_1_145' title='bbox 754 1999 976 2073; x_wconf 83' lang='grc' dir='ltr'><em>μεῖζον</em></span> <span class='ocrx_word' id='word_1_146' title='bbox 1006 1991 1124 2075; x_wconf 85' lang='grc' dir='ltr'><em>ἤδη</em></span> <span class='ocrx_word' id='word_1_147' title='bbox 1155 2002 1265 2075; x_wconf 85' lang='grc' dir='ltr'><em>τῆς</em></span> <span class='ocrx_word' id='word_1_148' title='bbox 1304 2001 1617 2075; x_wconf 84' lang='grc' dir='ltr'><em>πατρικῆς</em></span> <span class='ocrx_word' id='word_1_149' title='bbox 1647 1995 1820 2057; x_wconf 86' lang='grc' dir='ltr'><em>ἐστιν</em></span> <span class='ocrx_word' id='word_1_150' title='bbox 1865 1995 2158 2072; x_wconf 81' lang='grc' dir='ltr'><em>ἐξουσίας</em></span> <span class='ocrx_word' id='word_1_151' title='bbox 2188 1992 2206 2076; x_wconf 84' lang='grc' dir='ltr'><em>ΙΙ</em></span> <span class='ocrx_word' id='word_1_152' title='bbox 2237 1989 2365 2078; x_wconf 88' lang='grc' dir='ltr'><em>[καὶ</em></span> 
     </span>
     <span class='ocr_line' id='line_1_18' title="bbox 424 2090 932 2179; baseline 0 -21"><span class='ocrx_word' id='word_1_153' title='bbox 424 2118 488 2159; x_wconf 89' lang='grc' dir='ltr'><em>π.</em></span> <span class='ocrx_word' id='word_1_154' title='bbox 536 2118 591 2160; x_wconf 88' lang='grc' dir='ltr'><em>κ.</em></span> <span class='ocrx_word' id='word_1_155' title='bbox 642 2090 721 2179; x_wconf 55' lang='lat' dir='ltr'><em>qi]</em></span> <span class='ocrx_word' id='word_1_156' title='bbox 769 2096 932 2158; x_wconf 82' lang='lat' dir='ltr'><em>det.</em></span> 
     </span>
    </p>

    <p class='ocr_par' dir='ltr' id='par_1_7' title="bbox 205 2193 2368 2485">
     <span class='ocr_line' id='line_1_19' title="bbox 205 2193 2367 2278; baseline 0.001 -21"><span class='ocrx_word' id='word_1_157' title='bbox 205 2216 260 2259; x_wconf 86' lang='lat' dir='ltr'><em>e.</em></span> <span class='ocrx_word' id='word_1_158' title='bbox 293 2202 392 2257; x_wconf 86' lang='grc'><em>11.</em></span> <span class='ocrx_word' id='word_1_159' title='bbox 424 2193 505 2278; x_wconf 87' lang='grc' dir='ltr'><em>ἢν</em></span> <span class='ocrx_word' id='word_1_160' title='bbox 565 2200 630 2261; x_wconf 84' lang='grc' dir='ltr'><em>δέ</em></span> <span class='ocrx_word' id='word_1_161' title='bbox 686 2222 854 2276; x_wconf 88' lang='grc' dir='ltr'><em>τινες</em></span> <span class='ocrx_word' id='word_1_162' title='bbox 910 2194 1164 2276; x_wconf 70' lang='grc' dir='ltr'><em>ἑκόντες</em></span> <span class='ocrx_word' id='word_1_163' title='bbox 1231 2196 1417 2262; x_wconf 69' lang='grc' dir='ltr'><em>αὐτοὶ</em></span> <span class='ocrx_word' id='word_1_164' title='bbox 1475 2194 1848 2263; x_wconf 82' lang='grc' dir='ltr'><em>σύνθωνται</em></span> <span class='ocrx_word' id='word_1_165' title='bbox 1904 2193 2202 2273; x_wconf 84' lang='grc' dir='ltr'><em>δικαστὰς</em></span> <span class='ocrx_word' id='word_1_166' title='bbox 2259 2202 2367 2262; x_wconf 82' lang='grc' dir='ltr'><em>καὶ</em></span> 
     </span>
     <span class='ocr_line' id='line_1_20' title="bbox 436 2287 2368 2383; baseline -0.003 -19"><span class='ocrx_word' id='word_1_167' title='bbox 436 2298 863 2382; x_wconf 89' lang='grc' dir='ltr'><em>προελόμενοι</em></span> <span class='ocrx_word' id='word_1_168' title='bbox 908 2303 1294 2383; x_wconf 82' lang='grc' dir='ltr'><em>ἐπιτρέψωσι</em></span> <span class='ocrx_word' id='word_1_169' title='bbox 1342 2306 1664 2366; x_wconf 84' lang='grc' dir='ltr'><em>διαιτᾶν</em></span> <span class='ocrx_word' id='word_1_170' title='bbox 1693 2298 1711 2382; x_wconf 89' lang='grc' dir='ltr'><em>ΙΙ</em></span> <span class='ocrx_word' id='word_1_171' title='bbox 1739 2306 2062 2365; x_wconf 90' lang='grc' dir='ltr'><em>δίαιταν</em></span> <span class='ocrx_word' id='word_1_172' title='bbox 2094 2287 2237 2360; x_wconf 77' lang='lat' dir='ltr'><strong>Oob.</strong></span> <span class='ocrx_word' id='word_1_173' title='bbox 2282 2333 2368 2344; x_wconf 90' lang='lat'><em>-</em></span> 
     </span>
     <span class='ocr_line' id='line_1_21' title="bbox 421 2399 2156 2485; baseline -0.001 -19"><span class='ocrx_word' id='word_1_174' title='bbox 421 2399 700 2484; x_wconf 89' lang='grc' dir='ltr'><em>χρηστὸς</em></span> <span class='ocrx_word' id='word_1_175' title='bbox 742 2401 861 2485; x_wconf 86' lang='grc' dir='ltr'><em>ἤδη</em></span> <span class='ocrx_word' id='word_1_176' title='bbox 906 2399 1535 2484; x_wconf 75' lang='grc' dir='ltr'><em>ἀνωμολόγηται</em></span> <span class='ocrx_word' id='word_1_177' title='bbox 1565 2401 1582 2484; x_wconf 76' lang='grc' dir='ltr'><em>ΙΙ</em></span> <span class='ocrx_word' id='word_1_178' title='bbox 1613 2399 1721 2466; x_wconf 78' lang='grc' dir='ltr'><em>ὢν</em></span> <span class='ocrx_word' id='word_1_179' title='bbox 1769 2401 1971 2479; x_wconf 84' lang='grc' dir='ltr'><em>ὡμολ.</em></span> <span class='ocrx_word' id='word_1_180' title='bbox 2016 2400 2156 2464; x_wconf 83' lang='lat' dir='ltr'><strong>Ddf.</strong></span> 
     </span>
    </p>

    <p class='ocr_par' dir='ltr' id='par_1_8' title="bbox 208 2501 2371 2792">
     <span class='ocr_line' id='line_1_22' title="bbox 208 2501 2371 2589; baseline -0 -25"><span class='ocrx_word' id='word_1_181' title='bbox 208 2524 264 2565; x_wconf 84' lang='lat' dir='ltr'><em>e.</em></span> <span class='ocrx_word' id='word_1_182' title='bbox 301 2508 398 2566; x_wconf 89' lang='lat'><em>12.</em></span> <span class='ocrx_word' id='word_1_183' title='bbox 431 2512 572 2581; x_wconf 78' lang='grc' dir='ltr'><em>πῶς</em></span> <span class='ocrx_word' id='word_1_184' title='bbox 618 2502 893 2585; x_wconf 75' lang='grc' dir='ltr'><em>εὔλογον</em></span> <span class='ocrx_word' id='word_1_185' title='bbox 953 2501 1143 2582; x_wconf 82' lang='grc' dir='ltr'><em>αὖθις</em></span> <span class='ocrx_word' id='word_1_186' title='bbox 1200 2504 1721 2570; x_wconf 71' lang='grc' dir='ltr'><em>ἀπωθεῖσθαι</em></span> <span class='ocrx_word' id='word_1_187' title='bbox 1752 2505 1770 2589; x_wconf 79' lang='grc' dir='ltr'><em>ΙΙ</em></span> <span class='ocrx_word' id='word_1_188' title='bbox 1800 2504 2249 2569; x_wconf 83' lang='grc' dir='ltr'><em>ἀποθέσθαι</em></span> <span class='ocrx_word' id='word_1_189' title='bbox 2295 2522 2371 2564; x_wconf 85' lang='lat' dir='ltr'><em>ex</em></span> 
     </span>
     <span class='ocr_line' id='line_1_23' title="bbox 429 2604 2370 2689; baseline 0.002 -20"><span class='ocrx_word' id='word_1_190' title='bbox 429 2604 802 2687; x_wconf 83' lang='grc' dir='ltr'><em>ἀποθῆσθαι</em></span> <span class='ocrx_word' id='word_1_191' title='bbox 832 2609 919 2669; x_wconf 91' lang='grc' dir='ltr'><em>Β.</em></span> <span class='ocrx_word' id='word_1_192' title='bbox 995 2606 1086 2671; x_wconf 85' lang='lat' dir='ltr'><em>Cf.</em></span> <span class='ocrx_word' id='word_1_193' title='bbox 1122 2609 1250 2670; x_wconf 84' lang='lat' dir='ltr'><strong>eod.</strong></span> <span class='ocrx_word' id='word_1_194' title='bbox 1296 2627 1427 2684; x_wconf 81' lang='lat' dir='ltr'><strong>cap.</strong></span> <span class='ocrx_word' id='word_1_195' title='bbox 1464 2612 1521 2671; x_wconf 86' lang='grc' dir='ltr'><em>εἰ</em></span> <span class='ocrx_word' id='word_1_196' title='bbox 1558 2605 1643 2689; x_wconf 84' lang='grc' dir='ltr'><em>μὴ</em></span> <span class='ocrx_word' id='word_1_197' title='bbox 1689 2604 1877 2685; x_wconf 69' lang='grc' dir='ltr'><em>φύσει</em></span> <span class='ocrx_word' id='word_1_198' title='bbox 1907 2622 2057 2684; x_wconf 89' lang='grc' dir='ltr'><em>παῖς</em></span> <span class='ocrx_word' id='word_1_199' title='bbox 2100 2604 2198 2689; x_wconf 84' lang='grc' dir='ltr'><em>ἦν,</em></span> <span class='ocrx_word' id='word_1_200' title='bbox 2245 2609 2370 2671; x_wconf 83' lang='grc' dir='ltr'><em>θὲ-</em></span> 
     </span>
     <span class='ocr_line' id='line_1_24' title="bbox 426 2708 2013 2792; baseline 0.002 -20"><span class='ocrx_word' id='word_1_201' title='bbox 426 2732 670 2785; x_wconf 88' lang='grc' dir='ltr'><em>μενος</em></span> <span class='ocrx_word' id='word_1_202' title='bbox 716 2711 1100 2787; x_wconf 78' lang='lat' dir='ltr'><strong>(adoptatum)</strong></span> <span class='ocrx_word' id='word_1_203' title='bbox 1147 2715 1210 2774; x_wconf 73' lang='grc' dir='ltr'><em>δὲ</em></span> <span class='ocrx_word' id='word_1_204' title='bbox 1256 2708 1728 2792; x_wconf 81' lang='grc' dir='ltr'><em>ἀποκηρύττειν</em></span> <span class='ocrx_word' id='word_1_205' title='bbox 1773 2708 2013 2791; x_wconf 77' lang='grc' dir='ltr'><em>ἤθελες.</em></span> 
     </span>
    </p>

    <p class='ocr_par' dir='ltr' id='par_1_9' title="bbox 207 2809 2375 3811">
     <span class='ocr_line' id='line_1_25' title="bbox 207 2809 2370 2894; baseline 0.001 -24"><span class='ocrx_word' id='word_1_206' title='bbox 207 2831 262 2872; x_wconf 85' lang='lat' dir='ltr'><em>c.</em></span> <span class='ocrx_word' id='word_1_207' title='bbox 297 2816 393 2872; x_wconf 89' lang='lat'><em>13.</em></span> <span class='ocrx_word' id='word_1_208' title='bbox 424 2814 767 2891; x_wconf 82' lang='grc' dir='ltr'><em>Σκέψασθε</em></span> <span class='ocrx_word' id='word_1_209' title='bbox 827 2809 1053 2876; x_wconf 78' lang='grc' dir='ltr'><em>ὅντινα</em></span> <span class='ocrx_word' id='word_1_210' title='bbox 1111 2809 1270 2877; x_wconf 85' lang='grc' dir='ltr'><em>ὄντα</em></span> <span class='ocrx_word' id='word_1_211' title='bbox 1326 2836 1415 2888; x_wconf 90' lang='grc' dir='ltr'><em>με</em></span> <span class='ocrx_word' id='word_1_212' title='bbox 1467 2818 1598 2875; x_wconf 84' lang='grc' dir='ltr'><em>καὶ</em></span> <span class='ocrx_word' id='word_1_213' title='bbox 1656 2810 2160 2894; x_wconf 80' lang='grc' dir='ltr'><em>ἀποκηρύξει</em></span> <span class='ocrx_word' id='word_1_214' title='bbox 2191 2809 2210 2892; x_wconf 79' lang='grc' dir='ltr'><em>ΙΙ</em></span> <span class='ocrx_word' id='word_1_215' title='bbox 2237 2815 2370 2873; x_wconf 82' lang='grc' dir='ltr'><em>καὶ</em></span> 
     </span>
     <span class='ocr_line' id='line_1_26' title="bbox 429 2910 2372 2997; baseline -0.001 -20"><span class='ocrx_word' id='word_1_216' title='bbox 429 2911 545 2978; x_wconf 91' lang='grc' dir='ltr'><em>ἀπ.</em></span> <span class='ocrx_word' id='word_1_217' title='bbox 591 2939 680 2991; x_wconf 89' lang='grc' dir='ltr'><em>με</em></span> <span class='ocrx_word' id='word_1_218' title='bbox 709 2910 921 2979; x_wconf 89' lang='grc' dir='ltr'><strong>ΩΓΒ.</strong></span> <span class='ocrx_word' id='word_1_219' title='bbox 983 2948 1048 2957; x_wconf 87' lang='lat'>-</span> <span class='ocrx_word' id='word_1_220' title='bbox 1101 2917 1202 2978; x_wconf 84' lang='grc' dir='ltr'><em>ἐπὶ</em></span> <span class='ocrx_word' id='word_1_221' title='bbox 1246 2911 1363 2997; x_wconf 85' lang='grc' dir='ltr'><em>τὴν</em></span> <span class='ocrx_word' id='word_1_222' title='bbox 1411 2916 1675 2996; x_wconf 81' lang='grc' dir='ltr'><em>ἐρημίαν</em></span> <span class='ocrx_word' id='word_1_223' title='bbox 1720 2912 2014 2979; x_wconf 81' lang='grc' dir='ltr'><em>ἐλαύνειν</em></span> <span class='ocrx_word' id='word_1_224' title='bbox 2044 2911 2160 2978; x_wconf 85' lang='grc' dir='ltr'><em>τὸν</em></span> <span class='ocrx_word' id='word_1_225' title='bbox 2193 2914 2372 2992; x_wconf 84' lang='grc' dir='ltr'><em>ἐφη-</em></span> 
     </span>
     <span class='ocr_line' id='line_1_27' title="bbox 431 3014 2367 3097; baseline 0.001 -18"><span class='ocrx_word' id='word_1_226' title='bbox 431 3015 707 3081; x_wconf 82' lang='grc' dir='ltr'><em>σθέντ’</em></span> <span class='ocrx_word' id='word_1_227' title='bbox 753 3014 846 3081; x_wconf 78' lang='grc' dir='ltr'><em>ἂν</em></span> <span class='ocrx_word' id='word_1_228' title='bbox 891 3021 1184 3096; x_wconf 77' lang='grc' dir='ltr'><em>δικαίως,</em></span> <span class='ocrx_word' id='word_1_229' title='bbox 1245 3015 1371 3096; x_wconf 78' lang='grc' dir='ltr'><em>ἐφ’</em></span> <span class='ocrx_word' id='word_1_230' title='bbox 1418 3017 1517 3094; x_wconf 84' lang='grc' dir='ltr'><em>οἷς</em></span> <span class='ocrx_word' id='word_1_231' title='bbox 1575 3015 1810 3093; x_wconf 77' lang='grc' dir='ltr'><em>ἀδίκως</em></span> <span class='ocrx_word' id='word_1_232' title='bbox 1868 3018 2238 3097; x_wconf 78' lang='grc' dir='ltr'><em>ἐξεβέβλητο</em></span> <span class='ocrx_word' id='word_1_233' title='bbox 2281 3037 2367 3093; x_wconf 87' lang='grc' dir='ltr'><em>μη</em></span> 
     </span>
     <span class='ocr_line' id='line_1_28' title="bbox 427 3114 2371 3201; baseline -0.001 -20"><span class='ocrx_word' id='word_1_234' title='bbox 427 3114 638 3193; x_wconf 91' lang='grc' dir='ltr'><em>μόνον</em></span> <span class='ocrx_word' id='word_1_235' title='bbox 669 3117 751 3183; x_wconf 81' lang='grc' dir='ltr'><em>οὐ</em></span> <span class='ocrx_word' id='word_1_236' title='bbox 779 3115 1359 3201; x_wconf 80' lang='grc' dir='ltr'><em>μνησικακήσαντα,</em></span> <span class='ocrx_word' id='word_1_237' title='bbox 1407 3116 1572 3183; x_wconf 80' lang='grc' dir='ltr'><em>ἀλλὰ</em></span> <span class='ocrx_word' id='word_1_238' title='bbox 1611 3125 1719 3183; x_wconf 86' lang='grc' dir='ltr'><em>καὶ</em></span> <span class='ocrx_word' id='word_1_239' title='bbox 1750 3115 2048 3183; x_wconf 76' lang='grc' dir='ltr'><em>σώσαντα</em></span> <span class='ocrx_word' id='word_1_240' title='bbox 2093 3124 2200 3183; x_wconf 89' lang='grc' dir='ltr'><em>καὶ</em></span> <span class='ocrx_word' id='word_1_241' title='bbox 2247 3133 2371 3181; x_wconf 88' lang='grc' dir='ltr'><em>σω-</em></span> 
     </span>
     <span class='ocr_line' id='line_1_29' title="bbox 432 3216 2365 3302; baseline 0.001 -19"><span class='ocrx_word' id='word_1_242' title='bbox 432 3235 703 3301; x_wconf 77' lang='grc' dir='ltr'><em>φρονεῖν</em></span> <span class='ocrx_word' id='word_1_243' title='bbox 759 3218 1338 3302; x_wconf 78' lang='grc' dir='ltr'><em>παρασκευάσαντα</em></span> <span class='ocrx_word' id='word_1_244' title='bbox 1382 3219 1400 3302; x_wconf 87' lang='grc' dir='ltr'><em>ΙΙ</em></span> <span class='ocrx_word' id='word_1_245' title='bbox 1447 3221 1677 3283; x_wconf 83' lang='lat' dir='ltr'>Gesner</span> <span class='ocrx_word' id='word_1_246' title='bbox 1734 3239 1850 3281; x_wconf 83' lang='lat' dir='ltr'><strong>ser.</strong></span> <span class='ocrx_word' id='word_1_247' title='bbox 1915 3216 2365 3302; x_wconf 78' lang='grc' dir='ltr'><em>μνησθέντ’.</em></span> 
     </span>
     <span class='ocr_line' id='line_1_30' title="bbox 430 3322 2375 3401; baseline 0.001 -20"><span class='ocrx_word' id='word_1_248' title='bbox 430 3322 560 3399; x_wconf 84' lang='lat' dir='ltr'><em>Ego</em></span> <span class='ocrx_word' id='word_1_249' title='bbox 604 3324 752 3384; x_wconf 89' lang='lat' dir='ltr'><strong>nihil</strong></span> <span class='ocrx_word' id='word_1_250' title='bbox 809 3325 1146 3385; x_wconf 84' lang='lat' dir='ltr'><strong>mutandum</strong></span> <span class='ocrx_word' id='word_1_251' title='bbox 1189 3326 1299 3386; x_wconf 88' lang='lat' dir='ltr'><em>sed</em></span> <span class='ocrx_word' id='word_1_252' title='bbox 1340 3328 1430 3384; x_wconf 86' lang='lat' dir='ltr'><em>sie</em></span> <span class='ocrx_word' id='word_1_253' title='bbox 1473 3323 1976 3401; x_wconf 81' lang='lat' dir='ltr'><strong>interpretandum</strong></span> <span class='ocrx_word' id='word_1_254' title='bbox 2030 3327 2172 3400; x_wconf 78' lang='lat' dir='ltr'><strong>puto</strong></span> <span class='ocrx_word' id='word_1_255' title='bbox 2215 3323 2375 3383; x_wconf 83' lang='lat' dir='ltr'><strong>hune</strong></span> 
     </span>
     <span class='ocr_line' id='line_1_31' title="bbox 429 3426 2375 3506; baseline 0 -21"><span class='ocrx_word' id='word_1_256' title='bbox 429 3426 654 3486; x_wconf 80' lang='lat' dir='ltr'><strong>locum:</strong></span> <span class='ocrx_word' id='word_1_257' title='bbox 702 3429 805 3505; x_wconf 87' lang='lat' dir='ltr'><em>„in</em></span> <span class='ocrx_word' id='word_1_258' title='bbox 849 3428 1221 3488; x_wconf 77' lang='lat' dir='ltr'><strong>solitudinem</strong></span> <span class='ocrx_word' id='word_1_259' title='bbox 1269 3430 1464 3488; x_wconf 84' lang='lat' dir='ltr'><strong>eicere</strong></span> <span class='ocrx_word' id='word_1_260' title='bbox 1497 3445 1649 3506; x_wconf 86' lang='lat' dir='ltr'><strong>eum,</strong></span> <span class='ocrx_word' id='word_1_261' title='bbox 1695 3444 1871 3501; x_wconf 89' lang='lat' dir='ltr'><strong>quem</strong></span> <span class='ocrx_word' id='word_1_262' title='bbox 1916 3430 2375 3486; x_wconf 76' lang='lat' dir='ltr'><strong>consentaneum</strong></span> 
     </span>
     <span class='ocr_line' id='line_1_32' title="bbox 432 3527 2373 3607; baseline 0 -21"><span class='ocrx_word' id='word_1_263' title='bbox 432 3531 559 3587; x_wconf 78' lang='lat' dir='ltr'><strong>erat</strong></span> <span class='ocrx_word' id='word_1_264' title='bbox 607 3529 903 3607; x_wconf 80' lang='lat' dir='ltr'><strong>gaudere,</strong></span> <span class='ocrx_word' id='word_1_265' title='bbox 961 3547 1028 3590; x_wconf 86' lang='lat' dir='ltr'><em>se</em></span> <span class='ocrx_word' id='word_1_266' title='bbox 1071 3549 1190 3591; x_wconf 89' lang='lat' dir='ltr'><em>non</em></span> <span class='ocrx_word' id='word_1_267' title='bbox 1234 3530 1409 3590; x_wconf 86' lang='lat' dir='ltr'><strong>modo</strong></span> <span class='ocrx_word' id='word_1_268' title='bbox 1461 3547 1580 3592; x_wconf 90' lang='lat' dir='ltr'><em>non</em></span> <span class='ocrx_word' id='word_1_269' title='bbox 1635 3545 1952 3588; x_wconf 83' lang='lat' dir='ltr'><strong>memorem</strong></span> <span class='ocrx_word' id='word_1_270' title='bbox 1995 3527 2180 3588; x_wconf 82' lang='lat' dir='ltr'><strong>fuisse</strong></span> <span class='ocrx_word' id='word_1_271' title='bbox 2224 3528 2373 3586; x_wconf 88' lang='lat' dir='ltr'><strong>iniu-</strong></span> 
     </span>
     <span class='ocr_line' id='line_1_33' title="bbox 432 3629 2372 3692; baseline 0 -5"><span class='ocrx_word' id='word_1_272' title='bbox 432 3629 558 3688; x_wconf 86' lang='lat' dir='ltr'><strong>riae</strong></span> <span class='ocrx_word' id='word_1_273' title='bbox 604 3630 718 3689; x_wconf 89' lang='lat' dir='ltr'><strong>sibi</strong></span> <span class='ocrx_word' id='word_1_274' title='bbox 751 3631 953 3691; x_wconf 83' lang='lat' dir='ltr'><strong>illatae</strong></span> <span class='ocrx_word' id='word_1_275' title='bbox 985 3631 1093 3691; x_wconf 81' lang='lat' dir='ltr'><em>sed</em></span> <span class='ocrx_word' id='word_1_276' title='bbox 1124 3633 1300 3692; x_wconf 84' lang='lat' dir='ltr'><strong>etiam</strong></span> <span class='ocrx_word' id='word_1_277' title='bbox 1345 3649 1620 3691; x_wconf 85' lang='lat' dir='ltr'><strong>servasse</strong></span> <span class='ocrx_word' id='word_1_278' title='bbox 1654 3634 1712 3691; x_wconf 81' lang='lat' dir='ltr'><em>et</em></span> <span class='ocrx_word' id='word_1_279' title='bbox 1742 3630 1816 3689; x_wconf 85' lang='lat' dir='ltr'><em>ad</em></span> <span class='ocrx_word' id='word_1_280' title='bbox 1847 3631 2157 3690; x_wconf 85' lang='lat' dir='ltr'><strong>sanitatem</strong></span> <span class='ocrx_word' id='word_1_281' title='bbox 2198 3645 2372 3690; x_wconf 80' lang='lat' dir='ltr'><strong>revo-</strong></span> 
     </span>
     <span class='ocr_line' id='line_1_34' title="bbox 432 3730 1902 3811; baseline 0.002 -21"><span class='ocrx_word' id='word_1_282' title='bbox 432 3748 602 3791; x_wconf 80' lang='lat' dir='ltr'><strong>casse</strong></span> <span class='ocrx_word' id='word_1_283' title='bbox 649 3749 802 3811; x_wconf 87' lang='lat' dir='ltr'><strong>eum,</strong></span> <span class='ocrx_word' id='word_1_284' title='bbox 850 3751 887 3792; x_wconf 76' lang='lat' dir='ltr'><strong>a</strong></span> <span class='ocrx_word' id='word_1_285' title='bbox 930 3751 1046 3808; x_wconf 88' lang='lat' dir='ltr'><em>quo</em></span> <span class='ocrx_word' id='word_1_286' title='bbox 1092 3735 1306 3793; x_wconf 80' lang='lat' dir='ltr'><strong>iniuste</strong></span> <span class='ocrx_word' id='word_1_287' title='bbox 1354 3735 1636 3809; x_wconf 86' lang='lat' dir='ltr'><strong>expulsus</strong></span> <span class='ocrx_word' id='word_1_288' title='bbox 1683 3730 1902 3793; x_wconf 86' lang='lat' dir='ltr'><strong>esset“.</strong></span> 
     </span>
    </p>

    <p class='ocr_par' dir='ltr' id='par_1_10' title="bbox 212 3827 2376 4121">
     <span class='ocr_line' id='line_1_35' title="bbox 212 3827 2375 3914; baseline -0.001 -18"><span class='ocrx_word' id='word_1_289' title='bbox 212 3849 265 3893; x_wconf 79' lang='lat' dir='ltr'><em>c.</em></span> <span class='ocrx_word' id='word_1_290' title='bbox 301 3837 397 3891; x_wconf 84' lang='grc'><em>14.</em></span> <span class='ocrx_word' id='word_1_291' title='bbox 431 3830 513 3896; x_wconf 79' lang='grc' dir='ltr'><em>οὐ</em></span> <span class='ocrx_word' id='word_1_292' title='bbox 543 3830 664 3914; x_wconf 78' lang='grc' dir='ltr'><em>γὰρ</em></span> <span class='ocrx_word' id='word_1_293' title='bbox 711 3830 1053 3914; x_wconf 89' lang='grc' dir='ltr'><em>σμικρόν</em></span> <span class='ocrx_word' id='word_1_294' title='bbox 1082 3886 1096 3900; x_wconf 92' lang='grc'><strong>.</strong></span> <span class='ocrx_word' id='word_1_295' title='bbox 1133 3886 1146 3899; x_wconf 93' lang='grc'><strong>.</strong></span> <span class='ocrx_word' id='word_1_296' title='bbox 1182 3886 1196 3899; x_wconf 92' lang='grc'><strong>.</strong></span> <span class='ocrx_word' id='word_1_297' title='bbox 1249 3830 1320 3898; x_wconf 81' lang='grc' dir='ltr'><em>εὖ</em></span> <span class='ocrx_word' id='word_1_298' title='bbox 1352 3830 1720 3914; x_wconf 78' lang='grc' dir='ltr'><em>πεποιηκώς</em></span> <span class='ocrx_word' id='word_1_299' title='bbox 1765 3829 1966 3897; x_wconf 77' lang='grc' dir='ltr'><em>αὐτὸν</em></span> <span class='ocrx_word' id='word_1_300' title='bbox 1997 3885 2009 3898; x_wconf 93' lang='grc'>.</span> <span class='ocrx_word' id='word_1_301' title='bbox 2047 3884 2059 3897; x_wconf 94' lang='grc'><strong>.</strong></span> <span class='ocrx_word' id='word_1_302' title='bbox 2098 3885 2110 3898; x_wconf 94' lang='grc'><em>.</em></span> <span class='ocrx_word' id='word_1_303' title='bbox 2160 3827 2375 3896; x_wconf 79' lang='grc' dir='ltr'><em>τοιού-</em></span> 
     </span>
     <span class='ocr_line' id='line_1_36' title="bbox 429 3930 2372 4019; baseline -0.001 -23"><span class='ocrx_word' id='word_1_304' title='bbox 429 3957 565 3997; x_wconf 84' lang='grc' dir='ltr'><em>των</em></span> <span class='ocrx_word' id='word_1_305' title='bbox 611 3937 735 3998; x_wconf 85' lang='grc' dir='ltr'><em>νῦν</em></span> <span class='ocrx_word' id='word_1_306' title='bbox 780 3933 1083 4014; x_wconf 82' lang='grc' dir='ltr'><em>ἀξιοῦμαι</em></span> <span class='ocrx_word' id='word_1_307' title='bbox 1113 3935 1132 4019; x_wconf 83' lang='grc' dir='ltr'><em>ΙΙ</em></span> <span class='ocrx_word' id='word_1_308' title='bbox 1162 3938 1191 3999; x_wconf 83' lang='grc' dir='ltr'><em>ἐ</em></span> <span class='ocrx_word' id='word_1_309' title='bbox 1205 3961 1236 4013; x_wconf 91' lang='grc' dir='ltr'><em>ς</em></span> <span class='ocrx_word' id='word_1_310' title='bbox 1280 3933 1577 4018; x_wconf 88' lang='grc' dir='ltr'><em>μικρόν</em></span> <span class='ocrx_word' id='word_1_311' title='bbox 1624 3932 1711 4016; x_wconf 76' lang='grc' dir='ltr'><em>Ω,</em></span> <span class='ocrx_word' id='word_1_312' title='bbox 1757 3930 1810 3994; x_wconf 89' lang='grc' dir='ltr'>Γ</span> <span class='ocrx_word' id='word_1_313' title='bbox 1840 3937 1900 3995; x_wconf 87' lang='lat' dir='ltr'><em>in</em></span> <span class='ocrx_word' id='word_1_314' title='bbox 1940 3954 2056 3997; x_wconf 77' lang='lat' dir='ltr'><strong>ras·</strong></span> <span class='ocrx_word' id='word_1_315' title='bbox 2089 3936 2199 3996; x_wconf 88' lang='lat' dir='ltr'><em>Bk.</em></span> <span class='ocrx_word' id='word_1_316' title='bbox 2231 3931 2372 3995; x_wconf 82' lang='lat' dir='ltr'><strong>Ddf.</strong></span> 
     </span>
     <span class='ocr_line' id='line_1_37' title="bbox 432 4033 2376 4121; baseline -0.003 -20"><span class='ocrx_word' id='word_1_317' title='bbox 432 4069 512 4080; x_wconf 90' lang='grc'><strong>-</strong></span> <span class='ocrx_word' id='word_1_318' title='bbox 555 4045 810 4112; x_wconf 84' lang='grc' dir='ltr'><em>μᾶλλον</em></span> <span class='ocrx_word' id='word_1_319' title='bbox 845 4041 908 4100; x_wconf 72' lang='grc' dir='ltr'><em>δὲ</em></span> <span class='ocrx_word' id='word_1_320' title='bbox 942 4035 1171 4121; x_wconf 78' lang='grc' dir='ltr'><em>ὁρᾷς,</em></span> <span class='ocrx_word' id='word_1_321' title='bbox 1218 4033 1271 4102; x_wconf 74' lang='grc' dir='ltr'><em>ὦ</em></span> <span class='ocrx_word' id='word_1_322' title='bbox 1302 4034 1523 4119; x_wconf 76' lang='grc' dir='ltr'><em>πάτερ,</em></span> <span class='ocrx_word' id='word_1_323' title='bbox 1570 4035 1642 4101; x_wconf 82' lang='grc' dir='ltr'><em>τὸ</em></span> <span class='ocrx_word' id='word_1_324' title='bbox 1677 4034 2109 4118; x_wconf 78' lang='grc' dir='ltr'><em>παράδειγμα·</em></span> <span class='ocrx_word' id='word_1_325' title='bbox 2137 4033 2157 4118; x_wconf 85' lang='grc' dir='ltr'><em>ΙΙ</em></span> <span class='ocrx_word' id='word_1_326' title='bbox 2186 4035 2376 4097; x_wconf 82' lang='lat' dir='ltr'><strong>Onne·</strong></span> 
     </span>
    </p>
   </div>
  </div>
 </body>
</html>
