2800 4500
509 252 542 309 7
553 254 589 310 4
1390 255 1763 310 ΔΟΥΚΙΑΝΟΥ

506 421 878 511 ἐχρησάμην
941 423 1311 508 συμμάχοις
1375 428 1488 491 καὶ
1554 424 1727 509 πρὸς
1780 425 1901 512 τὴν
1956 429 2344 496 τελευταίαν
2406 428 2644 517 ἐκείνην

503 531 744 609 σκέψιν
798 526 1279 613 κατηνάγκασα.
1378 520 1725 594 ἀπέθανεν
1781 524 1938 612 ὑμῖν
1998 525 2297 611 ἄτεκνος,
2365 533 2644 620 λελυπη-

500 633 727 710 μένος,
787 622 1217 713 ὀδυρόμενος,
1287 629 1617 714 δακρύων,
1687 631 2135 720 πεπενθηκὼς
2188 637 2455 712 πένθος
2510 628 2643 701 ὀλι-

498 729 842 814 γοχρόνιον
907 735 1061 814 μέν,
1133 724 1280 796 ἀλλ’
1348 730 1574 798 ἱκανὸν
1631 739 1873 818 πατρί,
1939 737 2051 800 καὶ
2108 733 2183 801 τὸ
2247 735 2642 816 δεινότατον,

503 828 701 910 αῦτὸς
743 826 866 920 ὑφ’
921 828 1154 913 αὑτοῦ,
1215 825 1431 919 ὅσπερ
1490 834 1810 900 θανάτων
1870 835 2203 914 οἴκτιστος
2258 840 2372 904 καὶ
2418 840 2644 924 πολλῷ

397 954 468 1009 19
492 936 962 1021 χαλεπώτερος
1006 925 1046 1025 ἢ
1106 936 1166 1002 εἰ
1225 930 1346 1002 ὑπ’
1406 932 1609 1002 ἄλλου
1650 944 1962 1024 γίγνοιτο.
2057 945 2156 1006 19.
2200 943 2342 1006 ποῦ
2398 968 2521 1024 μοι
2572 941 2640 1009 τὸ

501 1039 730 1127 ξίφος,·
794 1038 882 1127 μή
943 1063 1048 1116 τις
1115 1034 1316 1116 ἄλλος
1379 1042 1576 1105 τοῦτο
1642 1039 1977 1125 γνωρίζεις
2039 1041 2127 1128 μή
2196 1065 2380 1120 τινος
2447 1039 2642 1110 ἄλλου

497 1138 711 1211 όπλον
782 1145 981 1208 τοῦτο
1053 1128 1166 1228 7³2²),-
1235 1147 1342 1219 τίς
1419 1136 1576 1207 αῦτὸ
1655 1142 1723 1221 ἐς
1792 1142 1911 1229 τὴν
1978 1137 2344 1230 ἀκρόπολιν
2422 1139 2641 1213 ἇνεκό-

495 1269 685 1331 μισε,·
727 1244 862 1332 πρὸ
908 1248 1027 1311 τοῦ
1069 1243 1389 1344 τυράννου
1435 1250 1540 1321 τίς
1585 1243 1943 1333 ἐχρήσατο,·
1986 1251 2091 1323 τίς
2123 1239 2281 1312 αὐτὸ
2319 1241 2442 1312 ἐπ’
2484 1247 2716 1316 ἐκεῖ-156

498 1375 608 1416 νον
675 1342 1106 1428 ἆπέστειλεν;
1178 1374 1230 1411 w
1310 1346 1505 1434 ξίφος
1569 1346 1888 1414 κοινωνὸν
1952 1351 2066 1415 καὶ
2132 1349 2448 1432 διάδοχον
2516 1376 2642 1417 των

496 1451 669 1535 ἐμῶν
734 1448 1313 1533 κατορθωμάτων,
1359 1448 1549 1532 μετὰ
1613 1449 1973 1528 τοσούτους
2038 1450 2411 1533 κινδύνους,
2479 1451 2641 1536 μετὰ

492 1553 852 1630 τοσούτους
897 1552 1146 1639 φόνους
1189 1545 1628 1635 ἀμελούμεθα
1671 1554 1782 1619 καὶ
1831 1547 2095 1631 άνάξιοι
2148 1553 2471 1638 δοκοῦμεν
2517 1555 2641 1621 δω-

493 1660 668 1742 ρεᾶς.
757 1654 818 1721 εἰ
861 1652 986 1741 γὰρ
1031 1651 1203 1739 ὑπὲρ
1247 1653 1456 1737 μόνου
1499 1654 1739 1721 τούτου
1784 1653 1903 1743 τὴν
1947 1653 2146 1744 τιμὴν
2202 1652 2407 1743 ᾔτουν
2466 1650 2633 1741 παρ’

491 1756 695 1842 ὑμῶν,
744 1757 803 1824 εἰ
846 1755 971 1845 γὰρ
1017 1756 1271 1842 ελεγον,
1312 1752 1623 1839 ’Ἀνδρες,
1670 1750 2053 1825 ἀποθανεῖν
2098 1756 2507 1847 ἐθελήσαντι
2547 1762 2641 1845 τῷ

491 1861 790 1946 τυράννῳ
833 1863 947 1927 καὶ
992 1852 1270 1946 ἇνόπλω
1317 1857 1431 1925 ἐπὶ
1479 1863 1599 1926 τοῦ
1641 1863 1877 1945 καιροῦ
1912 1862 2414 1948 κατειλημμένῳ
2448 1860 2640 1949 ξίφος

489 1966 686 2029 τοῦτο
734 1959 892 2047 ἐμὸν
936 1957 1314 2048 ὑπηρέτησε
1356 1964 1470 2027 καὶ
1515 1959 1690 2045 πρὸς
1729 1961 1807 2027 τὸ
1855 1964 2045 2039 τέλος
2087 1965 2205 2047 τῆς
2250 1961 2639 2049 ἐλευθερίας

491 2064 907 2154 συνήργησεν,
957 2057 1105 2130 ἀντὶ
1150 2063 1387 2131 τούτου
1435 2057 1551 2130 οῦκ
1583 2053 1664 2130 ὃν
1692 2067 1888 2149 τιμῆς
1915 2088 1989 2129 τε
2018 2066 2129 2130 καὶ
2163 2064 2423 2150 δωρεᾶς
2453 2062 2636 2145 ἄξιον

489 2167 841 2252 ἐνομίσατε
864 2166 1197 2256 δεσπότην
1223 2159 1397 2233 οῦτω
1424 2166 1783 2254 δημοτικοῦ
1805 2167 2137 2255 κτήματος
2152 2197 2174 2251 ‚·
2205 2162 2323 2234 οῦκ
2348 2158 2430 2237 ὃν
2452 2163 2637 2254 ἠμεί-

487 2277 760 2356 ψασθε,
805 2264 920 2338 οῦκ
966 2261 1046 2339 ἂν
1093 2269 1160 2337 ἐν
1205 2283 1347 2348 τοῖς
1388 2263 1761 2357 εὐεργέταις
1797 2264 2259 2356 άνεγράψατες
2303 2266 2423 2339 οῦκ
2455 2263 2536 2340 ἂν
2565 2272 2632 2340 τὸ

485 2375 682 2463 ξίφος
727 2374 795 2442 ἐν
836 2388 982 2454 τοῖς
1027 2375 1232 2460 ἱεροῖς
1276 2366 1685 2461 άνεθήκατε,·
1743 2367 1859 2440 οῦκ
1905 2364 1985 2439 ὂν
2043 2375 2212 2458 μετὰ
2272 2379 2411 2442 τῶν
2456 2379 2635 2443 θεῶν

381 2485 460 2539 20
485 2471 746 2544 κᾶκεῖνο
777 2475 1350 2565 προσεκυνήσατε,·
1387 2480 1490 2541 20.
1522 2478 1636 2541 νῦν
1663 2500 1781 2557 μοι
1812 2473 2166 2565 ἐννοήσατε
2195 2475 2310 2543 οἶα
2339 2504 2633 2568 πεποιη-

481 2587 665 2648 κέναι
697 2580 871 2658 εἰκὸς
892 2579 1011 2646 τὸν
1033 2577 1372 2663 τύραννον,
1408 2576 1519 2644 οἶα
1544 2577 1615 2643 δὲ
1641 2577 1969 2665 εἰρηκέναι
1992 2577 2127 2663 πρὸ
2151 2582 2271 2668 τῆς
2293 2583 2629 2671 τελευτῆς·

482 2685 631 2751 ἐπεὶ
676 2681 800 2769 γὰρ
845 2676 965 2748 ὕπ’
1019 2680 1181 2765 ἐμοῦ
1227 2679 1675 2767 φονευόμενος
1716 2683 1829 2747 καὶ
1872 2680 2406 2764 τιτρωσκόμενος
2467 2686 2630 2750 πολ-

481 2789 622 2864 λοῖς
663 2785 1035 2870 τραύμασιν
1082 2782 1151 2860 ἐς
1193 2780 1277 2848 τὰ
1327 2780 1588 2869 φανερὰ
1630 2785 1752 2848 τοῦ
1797 2781 2125 2866 σώματος,
2171 2774 2364 2861 (ως’“
2320 2812 2403 2851 αν
2432 2785 2630 2868 μάλι-

480 2912 606 2955 στα
673 2888 992 2976 λυπήσειν
1051 2885 1326 2969 έμελλον
1382 2883 1501 2951 τὸν
1557 2886 2015 2975 γεγεννηκότα,
2088 2881 2180 2964 ὥς
2249 2876 2332 2952 ἂν
2390 2886 2464 2954 ἐκ
2518 2891 2630 2976 τῆς

479 2991 750 3081 πρώτης
778 2995 951 3067 θέας
982 2986 1519 3072 διασπαράξειν),
1566 2983 1601 3053 ό
1639 2988 1757 3070 μὲν
1790 2982 2149 3077 ἀνεβόησεν
2181 2987 2450 3075 οἰκτρὸν
2483 2989 2629 3058 ἐπι-

474 3095 814 3179 βοώμενος
880 3091 997 3158 τὸν
1063 3089 1527 3176 γεγεννηκότα,
1597 3083 1672 3155 οὗ
1737 3088 2001 3177 βοηθὸν
2067 3083 2220 3157 οῦδὲ
2284 3091 2628 3177 σύμμαχον

476 3234 557 3245 —-—
600 3194 749 3284 ᾔδει
791 3193 917 3281 γὰρ
963 3191 1342 3281 πρεσβύτην
1386 3186 1548 3259 ὄντα
1591 3195 1704 3258 καὶ
1735 3185 1996 3279 ἀσθενῆ
2040 3231 2125 3241 --
2168 3187 2341 3259 ἀλλὰ
2375 3194 2627 3281 θεατὴν

474 3304 606 3365 τῶν
638 3298 901 3365 οἰκείων
945 3298 1192 3362 κακῶν·
1239 3293 1388 3380 (ἐγώ
1435 3292 1562 3380 γὰρ
1609 3286 2127 3384 ἀπηλλαττόμην
2172 3296 2467 3385 ποιητὴς
2511 3298 2627 3381 μὲν

472 3406 590 3488 τῆς
634 3394 793 3488 ὅλης
835 3399 1213 3485 τραγῳδίας
1256 3400 1712 3484 γεγενημένος,
1758 3396 2147 3465 καταλιπὼν
2193 3398 2266 3466 δὲ
2307 3404 2409 3486 τῷ
2455 3396 2624 3468 ῦπο-
2640 3415 2711 3466 157
2762 3372 2763 3407 ³

471 3506 659 3589 κριτῇ
703 3500 822 3568 τὸν
878 3499 1105 3587 νεκρὸν
1161 3502 1274 3567 καὶ
1331 3497 1451 3586 τὴν
1509 3499 1748 3588 σκηνὴν
1806 3502 1917 3566 καὶ
1974 3498 2050 3568 τὸ
2114 3501 2314 3588 ξίφος
2369 3506 2487 3571 καὶ
2545 3501 2624 3570 τὰ

471 3602 681 3672 λοιπὰ
728 3606 847 3670 τοῦ
893 3603 1255 3691 δράματος)
1300 3640 1382 3651 —-
1428 3599 1712 3678 ἐπιστὰς
1757 3599 2005 3678 ἐκεῖνος
2030 3604 2144 3669 καὶ
2176 3602 2337 3671 ἰδὼν
2368 3603 2452 3672 ὃν
2481 3606 2626 3675 υἱὸν

471 3703 604 3790 εἶχε
658 3705 864 3790 μόνον
922 3703 1147 3791 ὀλίγον
1203 3703 1606 3788 ἐμπνέοντα,
1662 3697 2041 3789 ᾑμαγμένον
2054 3755 2073 3785 ,
2144 3702 2626 3796 ἐμπεπλησμέ-

469 3835 583 3876 νον
626 3812 745 3875 τοῦ
792 3807 1001 3896 φόνου
1044 3809 1155 3874 καὶ
1213 3805 1297 3872 τὰ
1356 3805 1706 3892 τραύματα
1764 3808 1999 3892 συνεχῆ
2054 3808 2167 3872 καὶ
2224 3808 2456 3877 πολλὰ
2517 3813 2626 3877 καὶ

466 3918 725 3996 καίρια,
775 3904 1095 3999 ἀνεβόησε
1138 3912 1366 3989 τοῦτο,
1412 3912 1735 3988 ,,Τέκνον,
1798 3901 2224 3995 άνῃρήμεθα,
2285 3913 2624 3999 πεφονεύ-

465 4019 682 4098 μεθα,
729 4009 1498 4098 τετυραννοκτονήμεθα,
1557 4011 1694 4074 ποῦ
1738 4003 1772 4074 ὅ
1822 4006 2145 4096 σφαγεύς,·
2198 4017 2336 4080 τίνι
2379 4040 2467 4098 με
2512 4042 2625 4105 τη-
