2800 4500
172 834 212 875 c.
233 821 317 878 28.

175 1447 214 1488 o.
235 1434 320 1492 29.

174 1858 212 1899 e.
234 1846 318 1903 30.

687 236 1083 288 ALEXANDER
1121 236 1172 289 S.
1209 234 1731 289 PSEUDOMANTIS.
2157 234 2282 292 249

348 409 592 493 Ὀθρίου
650 406 729 470 Ψ
786 407 1039 493 ὀθρύου
1083 411 1139 470 U
1197 445 1272 453 —
1334 409 1618 490 ἐντίθησι
1661 404 1679 489 ΙΙ
1723 410 2047 488 ἐντίθησιν
2091 402 2144 466 Γ
2201 442 2284 452 -

347 518 408 578 δὲ
450 511 658 580 ἄλλον
700 510 722 596 Ι
763 512 831 578 δ’
876 510 1080 578 ἄλλον
1124 508 1175 571 Γ
1218 547 1305 556 -
1345 537 1443 588 τις
1488 508 1651 593 ἀνὴρ
1692 507 1713 595 Ι
1755 507 1919 593 ἀνήρ
1963 535 2059 587 τις
2092 506 2173 570 Ψ
2202 546 2285 554 -

345 613 539 695 τόξου
597 614 729 681 ἄπο
785 625 838 681 λ.
981 611 1195 693 τόξων
1254 611 1384 680 ῧπο
1444 623 1499 680 λ.
1546 617 1602 676 U
1661 651 1743 658 —
1801 610 2013 694 παύσῃ
2063 610 2083 698 fl
2126 638 2286 677 παυ-

347 732 447 779 σαι
487 710 541 774 Γ
595 748 657 759 -
711 712 964 792 βιότοιο
1009 711 1223 793 φάους
1264 737 1333 777 τε
1375 711 1394 795 ΙΙ
1448 709 1678 791 βιότου
1736 709 1933 791 φάεος
1988 736 2058 775 τε
2100 706 2285 772 ΨΠΓ
2405 766 2410 767 ff

345 824 652 900 θεραπείᾳ
692 814 712 900 ΙΙ
753 822 1064 898 θεραπεία
1106 811 1159 875 Γ
1204 851 1287 860 —
1330 812 1460 898 πρὸ
1502 820 1620 892 μὲν
1654 823 1767 898 τῆς
1809 820 2103 896 τελευτῆς
2146 827 2287 890 τοῖς

347 928 654 985 νοσοῦσιν
708 916 729 1004 fl
782 933 922 996 τοῖς
982 922 1100 996 μὲν
1158 926 1471 983 νοσοῦσιν
1538 913 1666 1000 πρὸ
1719 926 1834 1000 τῆς
1889 925 2012 982 τελ.
2073 911 2142 976 Ω
2202 953 2286 962 -

349 1019 587 1101 ὑγίειαν
629 1019 649 1104 ΙΙ
691 1018 910 1100 ὑγείαν
956 1015 1036 1081 Ψ
1077 1055 1162 1065 ·-
1214 1017 1416 1097 ἄλλος
1461 1017 1480 1102 ΙΙ
1519 1040 1632 1082 om.
1679 1015 1813 1081 ΨΠ
1866 1053 1951 1063 -
2007 1027 2289 1104 παλινῳ-

346 1130 475 1189 δῶν
515 1122 536 1207 ΙΙ
578 1129 971 1189 παλινωδῶν
1015 1119 1066 1182 Γ
1110 1159 1193 1169 -
1251 1129 1543 1205 δίζησθαι
1587 1119 1606 1205 ΙΙ
1648 1127 1900 1203 δίζησθε
1944 1116 2145 1181 ΩΨΓ
2202 1126 2289 1184 δί-

347 1232 563 1307 ζεσθαι
618 1230 681 1287 in
722 1246 841 1289 ras·
885 1227 942 1287 U
982 1261 1066 1271 —
1112 1222 1384 1291 νούσοιο
1426 1223 1447 1309 Ι
1490 1223 1715 1290 νόσοιο
1759 1220 1893 1286 ΨΠ
1950 1221 2196 1289 νούσου
2238 1220 2288 1283 Γ

349 1365 428 1374 -
472 1332 806 1409 ἐκφυγέειν
849 1326 869 1411 ΙΙ
912 1331 1215 1409 ἐκφυγεῖν
1261 1324 1393 1390 *FU

348 1429 647 1509 Διδύμοις
689 1429 710 1516 fl
751 1428 1010 1518 Διδύμῳ
1058 1427 1136 1491 Ψ
1179 1467 1262 1475 -
1306 1427 1554 1514 Μάλλῳ
1585 1428 1606 1515 ΙΙ
1641 1427 1830 1516 Δήλῳ
1879 1425 2011 1491 ΨΠ
2054 1462 2134 1473 -
2183 1425 2292 1491 αύ-

347 1531 497 1612 τοὺς
543 1536 636 1601 ἐπ.
685 1532 704 1617 ΙΙ
747 1532 927 1619 αὑτῷ
969 1537 1053 1611 (in
1097 1534 1241 1611 rae.)
1287 1534 1380 1598 ἐπ.
1429 1533 1486 1593 U
1536 1568 1608 1578 —
1658 1528 1940 1612 α’κούσῃς
1969 1530 1987 1613 ΙΙ
2015 1527 2289 1611 α’κούσηι

345 1632 463 1697 ΩΓ
508 1672 588 1682 —-
636 1632 925 1701 οἷδύτοισι
965 1633 986 1720 Ε
1030 1634 1290 1713 ἀδύτοις
1328 1631 1409 1697 Ψ
1453 1670 1534 1679 -
1581 1631 1851 1699 Μαλλὸν
1893 1631 1913 1715 Ι
1956 1630 2167 1709 μάλον
2210 1628 2291 1692 Ψ

344 1748 554 1818 μᾶλον
597 1741 654 1801 U
696 1775 779 1783 —
822 1746 1223 1817 θεσπίσματα
1266 1737 1286 1824 ΙΙ
1325 1735 1721 1815 θεσπίσματ’
1764 1732 1832 1798 Ω

346 1851 547 1909 ταῦτα
590 1846 707 1919 μὲν
750 1838 770 1924 ΙΙ
813 1861 927 1903 om.
971 1845 1090 1918 μὲν
1136 1836 1269 1904 ΨΠ
1311 1876 1395 1886 -
1434 1844 1791 1923 διεφοίτησε
1834 1837 1855 1923 ΙΙ
1895 1843 2294 1920 διεφοίτησεν

345 1941 395 2004 Γ
449 1980 535 1990 —-
595 1947 659 2022 ἐς
713 1942 831 2027 τὴν
878 1942 1147 2010 Ἰταλίαν
1190 1940 1210 2028 ΙΙ
1253 1949 1340 2021 εἰς
1383 1969 1436 2009 τ.
1490 1942 1572 2009 Ὶτ.
1622 1938 1674 2002 Γ
1731 1976 1815 1988 -
1870 1944 1934 2019 ές
1984 1938 2102 2022 τὴν
2159 1948 2294 2005 τῶν

346 2057 509 2126 Ρωμ.
544 2045 563 2131 ΙΙ
594 2052 680 2124 εἰς
709 2073 761 2113 τ.
798 2057 964 2125 Ρωμ.
999 2041 1087 2125 Ω,
1133 2067 1248 2109 om.
1296 2049 1358 2124 ἐς
1395 2042 1474 2106 Ψ
1520 2080 1598 2091 -
1644 2042 1772 2128 πρὸ
1817 2042 2024 2108 ἄλλου
2130 2040 2293 2126 πρὸς

346 2149 439 2217 α’λ.
474 2146 607 2210 ΨΓ
639 2186 724 2194 --
753 2151 1000 2228 ἐγένετο
1029 2146 1050 2234 fl
1084 2151 1327 2228 ἐγίνετο
1357 2150 1414 2209 U
1458 2183 1531 2192 —
1573 2143 2043 2221 Ῥουτιλλιανός
2072 2146 2091 2222 ΙΙ
2126 2143 2295 2210 Ῥου-

343 2250 630 2331 τιλιανός
661 2254 715 2315 U
744 2259 852 2317 καὶ
881 2250 1343 2330 Ρουτιλλιανός
1380 2246 1459 2311 Ψ
1500 2287 1581 2296 -
1625 2256 1733 2315 καὶ
1776 2254 1832 2313 εἰ
1855 2244 2064 2326 μόνον
2112 2244 2131 2331 ΙΙ
2175 2268 2291 2310 om.

344 2362 448 2421 καὶ
506 2353 576 2416 Ω
635 2392 719 2402 -
773 2363 1206 2439 προσπίπτων
1266 2352 1463 2431 εὐθὺς
1504 2350 1523 2436 ΙΙ
1574 2360 1898 2417 πίπτωναι
1944 2356 2000 2415 εἰ
2054 2352 2185 2429 (sic)
2243 2345 2295 2409 Γ

345 2495 425 2505 -
471 2456 669 2535 εὐθὺς
710 2455 730 2541 ΙΙ
774 2456 870 2523 αἐὶ
913 2453 981 2519 Ω
1028 2456 1207 2543 αύτῷ
1248 2452 1329 2516 Ψ
1371 2491 1452 2501 —-
1498 2461 1605 2520 καὶ
1651 2456 1788 2519 ἐπὶ.
1817 2507 1830 2520 .
1860 2506 1873 2519 .
1903 2450 2300 2534 εύχόμενοςΙΙ

348 2579 457 2621 om.
503 2555 585 2619 Ψ
636 2594 721 2604 —
776 2556 1030 2639 τάγαθὰ
1070 2556 1089 2642 fl
1130 2556 1209 2623 τὰ
1256 2554 1468 2638 ἀγαθὰ
1509 2558 1566 2618 U
1623 2593 1705 2601 —
1761 2552 1947 2634 τάξιν
1993 2553 2012 2639 ΙΙ
2054 2560 2294 2637 πρᾶξιν

346 2658 422 2722 Ψ
465 2696 551 2707 -
604 2661 966 2745 ἀναπτῆναι
1008 2660 1029 2746 ss
1073 2661 1389 2743 α’ναβῆναι
1435 2662 1491 2721 U
1552 2694 1625 2704 —-
1686 2654 2045 2739 ἐπανῄεσαν
2090 2654 2108 2739 ΙΙ
2152 2658 2299 2720 ἐπα-

350 2762 579 2847 νήεσαν
624 2760 676 2824 Γ
734 2762 1219 2846 ἂνῃέπανῄεσαν
1265 2759 1399 2825 ΨἩ
1456 2798 1536 2808 -
1595 2760 1684 2839 ὡς
1742 2757 1985 2837 ἰδόντες
2043 2765 2151 2824 καὶ
2208 2758 2298 2837 ὡς

351 2864 742 2944 ἀκούσαντες
784 2865 805 2952 fl
846 2864 935 2944 ὡς
981 2865 1076 2932 dx.
1126 2873 1234 2931 καὶ
1279 2871 1352 2931 ἰδ.
1405 2861 1483 2925 Ψ
1528 2862 1617 2942 ὡς
1663 2860 1908 2940 ἰδόντες
1951 2869 2059 2927 καὶ
2105 2860 2299 2928 οἱκού-

353 2988 574 3048 σαντες
617 2971 674 3032 U
715 3003 797 3014 --
845 2964 969 3035 οὖν
1011 2967 1031 3052 fl
1073 2976 1236 3049 γοῦν
1279 2972 1342 3029 in
1386 2987 1539 3029 corr.
1586 2963 1636 3026 Γ
1682 2971 1843 3031 δοῦν
1890 2961 2024 3027 ΨΠ

310 3114 325 3131 .
353 3069 589 3155 περιῄει
664 3068 903 3154 περιῄει
946 3067 997 3130 Γ
1042 3106 1125 3117 —
1170 3066 1513 3152 α’κούσειεΙΙ
1550 3067 1882 3134 α’κούσειεν
1914 3064 1965 3126 Γ
2015 3102 2091 3111 -
2124 3064 2298 3149 παρὰ

356 3183 484 3239 τῶν
530 3177 964 3253 πεμφθέντων
1005 3171 1026 3256 ΙΙ
1069 3179 1212 3256 περὶ
1255 3199 1305 3237 τ.
1343 3198 1406 3238 π.
1453 3168 1531 3232 Ψ
1576 3207 1652 3216 —
1699 3177 1807 3235 καὶ
1852 3168 2018 3253 παρ’
2048 3166 2254 3235 αὐτοῦ
2283 3167 2303 3251 ΙΙ

353 3283 456 3340 καὶ
512 3297 628 3338 om.
684 3272 820 3338 ΨΠ
872 3310 955 3320 -
1012 3282 1379 3357 προστιθείς
1422 3272 1442 3358 fl
1482 3281 1682 3352 τιθείς
1726 3269 1807 3334 Ψ
1860 3308 1943 3317 -
2002 3271 2071 3336 δ’
2116 3267 2239 3336 οὖν
2282 3266 2302 3355 ΙΙ

354 3373 470 3443 οὖν
514 3374 595 3438 Ψ
651 3412 735 3423 -
779 3375 955 3442 πάνυ
998 3375 1017 3460 ΙΙ
1059 3397 1171 3439 om.
1216 3371 1285 3436 Ω
1329 3411 1413 3421 —
1472 3381 1705 3455 ξενίοις
1747 3372 1767 3458 ΙΙ
1811 3380 2046 3454 ξενίαις
2090 3368 2160 3434 Ω
2204 3375 2298 3451 ξέ-

354 3505 456 3545 νια
498 3501 550 3543 ο.
598 3500 718 3543 ras·
761 3481 818 3541 U
861 3516 943 3525 —·
999 3482 1417 3545 πολυτελέσιν
1460 3477 1479 3564 ΙΙ
1523 3481 1855 3543 ποτελέσιν
1899 3474 1949 3537 Γ
2012 3511 2095 3522 -
2152 3474 2300 3541 ἀπέ-

356 3606 593 3660 πεμπεν
637 3580 656 3665 ΙΙ
699 3581 1016 3647 α’πέλυσεν
1062 3578 1141 3642 Ψ
1189 3616 1261 3627 -
1323 3579 1849 3661 ἀπαγγελοῦντας
1893 3577 1913 3663 ΙΙ
1955 3577 2302 3659 ἀγγελοῦν-

356 3709 464 3762 τας
505 3688 561 3747 U
604 3719 690 3728 —
734 3681 1031 3768 τεράστια
1134 3680 1463 3767 τεράστεια
1500 3679 1582 3743 Ψ
1627 3718 1699 3727 -
1752 3681 1960 3747 αὐτοῦ
2002 3680 2020 3766 ΙΙ
2065 3678 2304 3758 αὐτοὺς

361 3781 609 3849 ΩΨΠΓ

184 3896 225 3939 e.
247 3887 330 3946 32.
356 3885 529 3955 Ἀλλὰ
554 3885 576 3972 ss
605 3908 720 3951 om.
767 3885 836 3949 Ω
878 3857 960 3933 4
1004 3895 1361 3970 μηχανᾶται
1390 3886 1410 3971 ΙΙ
1437 3912 1577 3970 μηχ.
1612 3913 1674 3953 τι
1718 3882 1840 3947 ΩΓ
1889 3921 1961 3930 -
2012 3893 2258 3966 ληστοῦ
2286 3881 2305 3968 ΙΙ

354 3999 588 4073 ληστοῦ
634 3988 686 4052 Γ
744 4027 824 4038 -
883 3993 1245 4068 πεπεμμένα
1287 3990 1307 4076 ΙΙ
1365 3986 1738 4068 πεμπόμενα
1782 3993 1838 4052 U
1894 3984 2300 4064 καταπεμπό-
