2800 4500
909 284 1210 340 ΑΛΗΘΟΥΣ
1244 285 1542 338 ΙΣΤΟΡΙΑΣ
1577 290 1634 340 Α.
2261 284 2340 343 35

184 459 410 520 θοντα
467 455 776 539 ἔπεμπον
836 449 1145 541 ἀγγελίαν
1203 441 1409 533 αὖθις
1465 454 1760 537 ἐπιέναι,
1821 447 2013 522 αὐτοὶ
2068 456 2141 522 δὲ
2193 456 2342 521 δια-

181 552 554 642 ταξάμενοι
623 563 1133 645 τεταραγμένοις
1210 557 1666 626 ἐπιπίπτουσι
1729 571 1872 636 τοῑς
1933 560 2340 645 Σεληνίταις,

186 652 507 740 ἀτάκτοις
562 665 721 747 περὶ
778 659 896 745 τὴν
954 660 1182 739 δίωξιν
1238 662 1347 726 καὶ
1407 659 1492 726 τὰ
1544 659 1813 747 λάφυρα
1872 660 2342 744 διεσκεδασμέ-

184 782 361 841 νοις·
419 767 531 832 καὶ
586 763 846 841 πάντας
897 764 1019 848 μὲν
1072 767 1463 845 τρέπουσιν,
1525 756 1725 829 αὐτὸν
1784 762 1855 829 δὲ
1901 761 2017 830 τὸν
2057 764 2342 846 βασιλέα

181 865 678 932 καταδιώκουσι
723 864 896 953 πρὸς
926 864 1046 952 τὴν
1078 864 1281 932 πόλιν
1325 868 1438 932 καὶ
1468 863 1552 932 τὰ
1585 866 1871 933 πλεῖστα
1915 868 2047 932 τῶν
2092 863 2340 951 ὀρνέων

187 961 400 1034 αὖτοῦ
438 975 838 1036 κτείνουσιν·
888 963 1279 1036 ἀνέσπασαν
1311 967 1383 1035 δὲ
1412 970 1526 1035 καὶ
1556 967 1639 1034 τὰ
1670 967 1968 1056 τρόπαια
2008 970 2120 1035 καὶ
2149 972 2340 1035 κατέ-

186 1071 444 1155 δραμον
502 1068 685 1137 ἅπαν
743 1070 818 1137 τὸ
879 1067 1013 1137 ὑπὸ
1073 1074 1207 1136 τῶν
1267 1063 1571 1153 ἀραχνῶν
1639 1071 1874 1137 πεδίον
1931 1066 2334 1159 ὑφασμένον,

187 1172 304 1257 ἐμὲ
365 1173 438 1240 δὲ
494 1177 606 1242 καὶ
664 1172 782 1240 δύο
837 1172 1026 1251 τινὰς
1081 1176 1214 1239 τών
1270 1171 1554 1258 ἑταίρων
1613 1171 2005 1260 ἐζώγρησαν.
2093 1167 2216 1261 ἤδη
2265 1173 2338 1238 δὲ

185 1279 413 1363 παρῆν
457 1278 566 1342 καὶ
610 1272 643 1342 ὃ
684 1280 981 1341 Φαέθων
1025 1277 1137 1341 καὶ
1182 1271 1354 1340 ἄλλα
1402 1260 1605 1353 αὖθις
1648 1274 1946 1359 τρόπαια
1990 1269 2114 1341 ὕπ’
2169 1274 2338 1342 ἐκεί-

187 1403 316 1444 νων
361 1377 620 1444 ἵστατο.
708 1374 900 1467 ἡμεῖς
932 1377 1054 1462 μὲν
1086 1361 1201 1443 οὖν
1247 1370 1657 1464 ἀπηγόμεθα
1688 1374 1755 1455 ές
1782 1375 1899 1443 τὸν
1926 1369 2171 1443 (Ἡλιον
2218 1370 2336 1442 αύ-

189 1479 493 1568 θημερὸν
536 1478 630 1546 τιὸ
669 1494 848 1565 χεῖρε
892 1478 1117 1546 ὀπίσω
1164 1479 1477 1558 δεθέντες
1522 1473 1834 1566 ἀραχνίου
1881 1473 2333 1563 ἀποκόμματι.

192 1588 287 1650 19.
335 1584 406 1649 οἱ
451 1583 524 1649 δὲ
568 1585 950 1667 πολιορκεῖν
1005 1582 1125 1666 μὲν
1182 1575 1298 1648 οὐκ
1357 1582 1649 1668 ἔγνωσαν
1706 1580 1826 1669 τὴν
1877 1581 2113 1664 πόλιν,
2170 1574 2331 1648 ἀνα-
2350 1593 2421 1648 19

191 1690 602 1772 στρέψαντες
660 1685 732 1751 δὲ
785 1683 859 1751 τὸ
916 1682 1165 1768 μεταξὺ
1224 1687 1343 1750 τοῦ
1405 1677 1599 1769 ἀέρος
1656 1680 2102 1766 ἀπετείχιζον,
2162 1683 2335 1750 ὥστε

186 1792 417 1876 μηκέτι
459 1786 582 1865 τὰς
628 1781 831 1873 αὐγὰς
873 1780 1009 1852 ἀπὸ
1053 1788 1172 1852 τοῦ
1211 1781 1448 1852 (Ηλίου
1494 1784 1665 1874 πρὸς
1708 1785 1826 1874 τὴν
1857 1786 2142 1875 Σελήνην
2189 1785 2333 1875 διή-

187 1915 338 1957 κειν.
427 1888 504 1955 τὸ
556 1890 629 1955 δὲ
671 1902 887 1971 τεῖχος
926 1874 1007 1972 ἦν
1053 1888 1365 1968 διπλοῦν,
1428 1886 1835 1976 νεφελωτόν·
1894 1887 2066 1954 ὥστε
2111 1888 2334 1979 σαφὴς

190 1992 488 2075 ἔκλειψις
542 1994 660 2077 τῆς
703 1989 990 2078 Σελήνης
1048 1988 1333 2075 ἐγεγόνει
1390 1991 1503 2056 καὶ
1562 1991 1740 2055 νυκτὶ
1799 1990 2086 2077 διηνεκεῖ
2141 1995 2333 2057 πᾶσα

189 2101 542 2176 κατείχετο.
642 2091 1033 2174 πιεζόμενος
1090 2091 1161 2157 δὲ
1215 2090 1480 2167 τούτοις
1511 2087 1570 2180 ,ὅ
1625 2086 1993 2176 Ἐνδυμίων
2052 2098 2333 2179 πέμψας

193 2197 431 2263 ἱκέτευε
487 2201 843 2281 καθαιρεῖν
886 2191 960 2261 τὸ
1011 2188 1425 2281 οἰκοδόμημα
1477 2196 1588 2262 καὶ
1633 2192 1720 2281 μὴ
1772 2198 1950 2283 σφᾶς
2007 2199 2331 2283 περιορᾶν

192 2298 253 2366 ἐν
309 2299 527 2386 σκότῳ
583 2297 1040 2384 βιοτεύοντας,
1098 2292 1485 2381 ὑπισχνεῖτο
1545 2297 1616 2363 δὲ
1674 2301 1783 2364 καὶ
1841 2298 2094 2385 φόρους
2147 2299 2330 2365 τελέ-

191 2425 322 2469 σειν
366 2404 479 2468 καὶ
526 2401 869 2484 σύμμαχος
925 2399 1211 2466 ἔσεσθαι
1269 2401 1383 2466 καὶ
1433 2403 1667 2487 μηκέτι
1722 2400 2161 2489 πολεμήσειν,
2218 2404 2331 2468 καὶ

192 2499 470 2593 ὁμήρους
515 2502 630 2569 ἐπὶ
676 2501 940 2580 τούτοις
984 2501 1216 2567 δοῦναι
1259 2497 1525 2590 ἤθελεν.
1603 2502 1668 2567 οἱ
1700 2501 1772 2567 δὲ
1810 2505 1969 2590 περὶ
1998 2499 2115 2569 τὸν
2150 2508 2330 2569 Φαέ-

193 2610 398 2673 θοντα
463 2610 816 2693 γενομένης
882 2604 986 2681 δὶς
1051 2602 1397 2692 ἐκκλησίας
1453 2606 1535 2690 τῇ
1595 2609 1891 2692 προτέρᾳ
1956 2604 2075 2688 μὲν
2142 2601 2331 2674 οὐδὲν

128 2711 567 2793 εδπαρέλυσαν
630 2710 748 2795 τῆς
812 2700 1043 2792 ὀργῆς,
1110 2709 1191 2792 τῇ
1256 2701 1503 2792 ὑστέρᾳ
1562 2705 1634 2772 δὲ
1699 2711 2150 2792 μετέγνωσαν,
2218 2712 2329 2777 καὶ

196 2808 430 2894 ἐγένετο
474 2806 515 2899 ἡ
565 2809 785 2898 εἰρήνη
835 2808 951 2874 ἐπὶ
994 2806 1274 2885 τούτοις.
1365 2814 1469 2875 20.
1525 2807 1735 2888 ,,κατο“ι
1777 2809 1940 2876 τάδε
1985 2811 2322 2898 συνθήκας
2341 2830 2418 2885 20

198 2909 586 3002 ἐποιήσαντο
633 2913 699 2979 οἱ
738 2907 1069 2977 Ἡλιῶται
1111 2913 1221 2978 καὶ
1269 2910 1334 2975 οἱ
1381 2910 1715 2993 σύμμαχοι
1761 2910 1935 2998 πρὸς
1973 2914 2330 3001 Σεληνίτας

196 3018 294 3081 καὶ
335 3014 487 3093 τοὺς
533 3012 944 3098 συμμάχους,
1003 3011 1120 3079 ἐπὶ
1163 3016 1259 3097 τῷ
1310 3013 1680 3080 καταλῦσαι
1722 3014 1842 3096 μὲν
1886 3013 2043 3092 τοὺς
2075 3016 2333 3082 ζΗλιώ-

198 3141 304 3194 τας
340 3116 413 3184 τὸ
464 3118 890 3199 διατείχισμα
934 3117 1043 3180 καὶ
1087 3119 1320 3202 μηκέτι
1365 3112 1432 3192 ές
1477 3113 1594 3202 τὴν
1631 3114 1917 3203 Σελήνην
1964 3115 2328 3200 ἐσβάλλειν,

199 3210 559 3287 ἀποδοῦναι
605 3219 677 3284 δὲ
721 3220 834 3284 καὶ
877 3215 1034 3294 τοὺς
1079 3210 1540 3299 αἰχμαλώτους
1597 3218 1797 3304 ῥητοῦ
1856 3216 2129 3283 ἕκαστον
2167 3219 2330 3307 χρή-

199 3343 418 3402 ματος,
475 3319 633 3398 τοὺς
678 3320 750 3385 δὲ
795 3320 1155 3407 Σεληνίτας
1215 3312 1492 3402 ἀφεῖναι
1540 3319 1661 3402 μὲν
1722 3311 2130 3403 αὐτονόμους
2173 3320 2329 3398 τούς

202 3445 261 3503 γε
301 3418 537 3500 ἀλλους
581 3417 882 3506 ἀστέρας,
929 3414 1110 3487 ὅπλα
1142 3421 1213 3486 δὲ
1242 3418 1332 3508 μὴ
1366 3419 1716 3507 ἐπιφέρειν
1760 3434 1904 3498 τοῖς
1941 3417 2327 3504 (Ηλιώταις,

206 3539 542 3607 συμμαχεῖν
588 3524 660 3590 δὲ
704 3527 785 3611 τῇ
831 3518 1163 3610 ἀλλήλων,
1222 3518 1302 3608 ἤν
1346 3547 1451 3599 τις
1505 3521 1697 3610 ἐπίῃ·
1759 3523 1972 3610 φόρον
2028 3524 2101 3590 δὲ
2155 3520 2329 3591 ὕπο-

206 3627 391 3694 τελεῖν
436 3625 716 3693 ἑκάστου
763 3625 951 3703 ἔτους
993 3625 1109 3692 τὸν
1150 3626 1435 3709 βασιλέα
1480 3628 1612 3690 τῶν
1650 3626 2021 3712 Σεληνιτῶν
2065 3629 2162 3712 τῷ
2202 3633 2328 3710 βα-

208 3729 356 3794 σιλεῑ
396 3736 527 3796 τῶν
568 3724 918 3795 ςΗλιωτιῖἰν
964 3727 1208 3814 δρόσου
1255 3720 1604 3814 ἀμφορέας
1646 3732 1953 3812 μυρίους,
2005 3730 2114 3793 καὶ
2160 3724 2326 3817 ὁμή-

209 3851 340 3910 ρους
394 3830 464 3897 δὲ
523 3833 715 3918 σφῶν
774 3823 991 3895 αὐτῶν
1049 3828 1279 3895 δοῦναι
1335 3834 1641 3915 μυρίους,
1698 3827 1818 3917 τὴν
1879 3829 1951 3895 δὲ
2009 3823 2327 3897 ἀποικίαν
2442 3917 2448 3924 β

208 3927 307 4015 τὴν
349 3931 411 4010 ἐς
451 3931 569 4001 τὸν
607 3928 988 4019 Ἑωσφόρον
1043 3934 1232 4018 κοινῇ
1287 3936 1653 3998 ποιεῖσθαι
1701 3933 1813 3997 καὶ
1858 3935 2151 4015 μετέχειν
2194 3937 2327 4000 τῶν

212 4025 405 4100 ἄλλων
444 4034 562 4102 τὸν
603 4033 1040 4119 βουλόμενον·
1086 4032 1419 4119 ἐγγράψαι
1460 4032 1531 4098 δὲ
1575 4031 1695 4108 τὰς
1741 4032 2077 4120 συνθήκας
2123 4034 2324 4123 στήλῃ

1954 4136 2016 4184 3*
