2800 4500
363 1017 422 1073 ,1,

384 3887 425 3943 2

300 4364 424 4466 k

447 245 477 300 1
487 241 567 300 52
1330 245 1613 298 ΛΟΥΚΙΑΝ
1615 246 1700 299 ΟΥ

443 416 555 480 καὶ
598 405 895 500 μέμνησό
937 436 1041 498 γε,
1088 398 1144 478 ῶ
1190 413 1501 502 φιλότης,
1565 414 1842 483 ἐπειδὰν
1888 414 1955 494 ἐς
1997 414 2072 482 τὸ
2121 416 2420 500 θέατρον
2467 417 2598 505 ἰ’ῃς,

442 517 556 582 καὶ
601 514 753 599 ἐμοὶ
795 513 983 603 παρὰ
1030 518 1288 601 σεαυτῴ
1324 515 1503 583 θέαν
1547 517 2099 602 καταλαμβάνειν,
2148 514 2238 596 ῶς
2265 518 2354 604 μὴ
2388 518 2600 604 μόνος

446 617 705 685 ἐκεῖθεν
752 615 1132 705 σοφώτερος
1176 613 1333 707 ἡμῖν
1378 618 1702 698 ἐπανίοις.

1175 856 1397 939 ΛΕΞ
1344 855 1849 937 ΗΙΦΑΝΗΣ.
2614 856 2692 906 ⁸¹⁷

628 1016 683 1075 1.
729 1011 1177 1075 ΛΥΚΙΝΟΣ.
1223 1008 1621 1129 Λεξιφάνης
1665 1005 1700 1076 ὅ
1747 1009 1947 1088 καλὸς
1996 1009 2164 1094 μετὰ
2207 1012 2514 1095 βιβλίου,·

619 1113 830 1183 ΛΕΞ.
875 1108 981 1198 Νὴ
1025 1106 1186 1192 Δί’,
1246 1095 1300 1176 ῶ
1346 1120 1632 1194 Λυκῖνε,
1689 1106 1963 1199 γράμμα
2019 1112 2160 1181 ἐστὶ
2205 1108 2471 1203 τητινόν
2531 1125 2697 1183 uns

448 1218 580 1281 τῶν
626 1212 800 1298 ἐμῶν
843 1212 1083 1300 κομιδφ
1127 1213 1422 1298 νεοχμόν.

620 1321 841 1381 ΛΥΚ.
886 1310 1062 1403 ’Ἡδη
1119 1315 1244 1402 γάρ
1288 1341 1356 1382 τι
1399 1318 1512 1383 καὶ
1556 1320 1715 1404 περὶ
1760 1310 2024 1401 αὐχμῶν
2068 1314 2224 1407 ἡμῖν
2279 1319 2605 1408 γράφεις,·

622 1420 835 1490 ΛΕΞ.
893 1411 986 1484 Ου
1034 1419 1233 1507 δῆτα,
1296 1413 1451 1485 ουδὲ
1496 1412 1744 1503 αὐχμὸν
1790 1415 2013 1501 εἶπον,
2075 1415 2245 1488 ἀλλὰ
2298 1448 2440 1510 ωρα
2485 1447 2606 1492 σοι

450 1519 524 1585 τὸ
576 1512 981 1641 ἀρτιγραφὲς
1025 1513 1197 1587 οὕτω
1248 1522 1493 1588 καλεῖν.
1583 1544 1663 1588 συ
1723 1521 1795 1589 δὲ
1851 1523 2318 1608 κυψελόβυστα
2373 1550 2606 1605 εοικας

451 1622 621 1705 ε’χειν
664 1620 747 1687 τὰ
793 1607 954 1687 ῶτα.

620 1729 843 1790 ΛΥΚ.
888 1721 1267 1809 Σύγγνωθι,
1327 1709 1383 1788 ῶ
1441 1723 1695 1808 εταῖρε·
1754 1724 1926 1792 πολυ
1982 1725 2108 1812 γὰρ
2164 1730 2284 1794 τοῦ
2340 1722 2605 1813 αυχμοῦ

453 1824 528 1891 τὸ
576 1823 850 1909 νεοχμὸν
901 1829 1177 1908 μετέχει.
1267 1818 1412 1890 ἀλλ’
1466 1824 1619 1892 εἶπέ
1660 1852 1810 1910 μοι,
1870 1834 1975 1907 τίς
2018 1824 2054 1894 ὅ
2103 1833 2255 1908 νοῦς
2294 1834 2392 1915 τῷ
2440 1854 2604 1918 συγ-

448 1927 823 2015 roduam,-

622 2035 759 2096 ΛΕ
757 2030 834 2102 Ξ.
873 2022 1504 2112 ’Λντισυμποσιάζω
1547 2032 1646 2114 τῷ
1681 2022 2091 2117 Ἀρίστωνος
2134 2030 2203 2098 ἐν
2237 2027 2453 2153 αὐτῷ.

620 2138 841 2199 AYK.
888 2131 1147 2197 Πολλοὶ
1191 2131 1311 2214 μὲν
1370 2132 1437 2198 οἱ
1473 2124 1904 2216 Ἀρίστωνες·
1966 2156 2044 2200 συ
2106 2134 2177 2200 δὲ
2233 2127 2394 2202 όσον
2454 2131 2602 2206 ἀπὸ

450 2237 571 2302 τοῦ
617 2238 997 2317 συμποσίου
1042 2230 1160 2298 τὸν
1204 2230 1543 2299 Πλάτωνά
1586 2259 1705 2316 μοι
1749 2232 1998 2312 ἐδόκεις
2040 2235 2272 2320 λέγειν.

619 2336 818 2407 ΛΕ
768 2357 809 2386 Η
872 2329 1145 2433 Ὀρθῶς
1190 2327 1497 2419 ἀνέγνως.
1585 2333 1661 2401 τὸ
1711 2335 1783 2402 δὲ
1837 2336 2184 2420 λεγόμενον
2240 2341 2353 2405 καὶ
2412 2335 2606 2427 αλλῳ

450 2442 654 2506 παντὶ
699 2436 934 2527 νοητὸν
979 2462 1059 2502 αν
1101 2431 1202 2524 ἠν.

621 2547 843 2608 ΛΥΚ.
914 2534 1165 2607 Ουκοῦν
1223 2532 1418 2625 ὀλίγα
1472 2564 1592 2624 μοι
1650 2532 1855 2605 αυτοῦ
1914 2533 2259 2629 ἀνάγνωθι
2314 2547 2435 2610 τοῦ
2487 2551 2606 2629 βι-

450 2646 662 2729 βλίου,
696 2642 887 2719 οπως
913 2641 1005 2729 μὴ
1037 2640 1479 2707 παντάπασιν
1524 2634 2024 2731 ἀπολειποίμην
2053 2648 2173 2733 τῆς
2201 2639 2605 2726 ἑστιάσεως·
2624 2654 2707 2706 819

455 2750 766 2831 νέκταρος
807 2741 933 2830 γάρ
977 2766 1158 2819 τινος
1225 2741 1447 2820 ἔοικας
1506 2742 1912 2832 οἰνοχοήσειν
1965 2741 2121 2834 ἡμῖν
2178 2740 2302 2813 ἀπ’
2373 2744 2606 2818 αὐτοῦ.

625 2848 839 2918 ΛΕΞ.
893 2843 1027 2911 Τὸν
1070 2845 1190 2928 μὲν
1239 2844 1482 2931 ε’ίρωνα
1542 2844 1741 2910 πεδοὶ
1798 2846 2161 2931 κατάβαλε·
2223 2849 2302 2915 σὺ
2361 2851 2435 2917 δὲ
2491 2848 2608 2919 εὕ-

455 2975 638 3034 πορα
668 2941 1081 3035 ποιήσαςτά
1113 2932 1253 3012 ῶτα
1283 2942 1409 3035 ἤδη
1444 2941 1657 3013 ἄκουε.
1746 2940 2021 3015 ἀπέστω
2055 2949 2127 3017 δὲ
2155 2947 2195 3038 ἡ
2229 2951 2609 3040 ἐπιβύστρα

455 3048 495 3141 ἢ
543 3052 847 3137 κυψελίς.

625 3158 848 3219 ΛΥΚ.
894 3156 1080 3238 Λέγε
1135 3154 1444 3237 θαρρῶν,
1507 3146 1598 3228 ῶς
1654 3149 1876 3237 ἔμοιγε
1933 3148 2085 3220 οὔτε
2127 3154 2446 3240 Κύψελός
2498 3184 2608 3237 τις

455 3251 605 3322 οὔτε
648 3255 1069 3341 Περίανδρος
1114 3251 1180 3319 ἐν
1225 3266 1368 3331 τοῖς
1412 3246 1539 3320 ῶσὶ
1582 3252 1901 3336 κάθηται.

627 3360 840 3430 ΛΕΞ.
913 3355 1166 3423 Σκόπει
1233 3354 1310 3439 δὴ
1377 3355 1653 3438 μεταξύ,
1724 3355 1847 3434 ἕως
1914 3357 2470 3445 διαπεραίνομαι,
2549 3350 2605 3428 ῶ

455 3469 741 3539 Λυκῖνε,
800 3458 916 3526 τὸν
962 3458 1190 3545 λόγον,
1256 3456 1315 3523 εἷ
1362 3452 1636 3541 εὔαρχός
1680 3462 1754 3523 τέ
1806 3456 1950 3525 ἔστι
2002 3462 2115 3526 καὶ
2171 3461 2428 3549 πολλὴν
2481 3464 2604 3553 τὴν

457 3556 761 3646 εὐλογίαν
823 3558 1359 3643 ἐπιδεικνύμενος
1414 3561 1526 3625 καὶ
1594 3554 1873 3640 εὔλεξις,
1943 3560 2042 3628 ἔτι
2109 3562 2181 3628 δὲ
2248 3556 2601 3650 εὗώνυμος.

627 3668 851 3731 ΛΥΚ.
899 3658 1122 3729 ’Έοικε
1174 3664 1479 3738 τοιοῦτος
1534 3658 1708 3728 εἶναι
1761 3662 1879 3741 σός
1933 3687 2007 3748 γε
2063 3658 2177 3730 ῶν.
2267 3659 2418 3731 ἀλλ’
2479 3663 2603 3755 ἅρ-

456 3767 567 3846 ξαι
610 3768 800 3832 ποτέ.

634 3874 693 3935 2.
739 3869 951 3939 ΛΕΞ.
998 3862 1213 3948 ,,Εἶτα
1259 3864 1732 3950 δειπνήσομεν,
1786 3851 1827 3953 ἦ
1889 3861 1951 3931 δ’
2004 3865 2079 3945 ὃς
2121 3863 2157 3934 ὅ
2204 3871 2596 3958 Καλλικλῆς,

463 3968 609 4037 εἶτα
654 3969 728 4037 τὸ
780 3967 1065 4036 δειλινὸν
1110 3961 1688 4055 περιδινησόμεθα
1734 3965 1801 4033 ἐν
1845 3976 2141 4058 Λυκείῳ,
2196 3974 2307 4037 νῦν
2355 3971 2427 4040 δὲ
2475 3968 2712 4064 ἤδηεῖο
