2800 4500
700 248 1133 303 ΑΛΕΞΑΝΔΡΟΣ
1165 250 1211 302 Η
1244 249 1736 303 ΨΕΥΔΟΜΑΝΤΙΣ.
2176 247 2295 307 105

176 419 281 488 τὸν
318 422 425 487 καὶ
472 420 749 487 διετέλει
793 415 1110 506 ὑπουργῷ
1152 422 1262 486 καὶ
1294 414 1591 508 ὑπηρέτῃ
1636 421 1748 486 καὶ
1796 417 2083 505 διακόνῳ
2122 419 2298 506 χρώ·

177 545 372 606 μενος.
418 517 453 588 o‘
504 515 568 587 δ’
622 515 821 600 αὐτὸς
866 520 1115 600 ἐκεῖνος
1159 522 1451 610 δημοσίᾳ
1506 522 1628 606 μὲν
1675 518 1904 607 ἰατρὸς
1948 521 2156 609 δῆθεν
2198 507 2296 611 ἦν,

177 619 490 713 ἠπίστατο
539 623 609 690 δὲ
652 622 822 691 κατὰ
866 622 989 710 τὴν
1038 623 1311 701 Θόωνος
1351 627 1476 690 τοῦ
1518 623 1909 710 Αἰγυπτίου
1952 638 2226 709 γυναῖκα

460 724 784 814 φάρμακα
815 724 1042 792 πολλὰ
1086 725 1208 810 μὲν
1253 723 1476 793 ἐσθλὰ
1520 731 1910 813 μεμιγμένα,
1958 724 2179 792 πολλὰ
2225 725 2298 792 δὲ

1555 826 1790 913 λυγρά·

175 922 254 996 ὦν
297 924 613 996 ἁπάντων
655 928 1062 1016 κληρονόμος
1103 930 1213 995 καὶ
1261 927 1573 1012 διάδοχος
1618 923 1812 1007 οὗτος
1856 928 2130 1015 ἐγένετο.
2218 913 2298 1016 ἦν

177 1031 237 1097 δὲ
287 1026 319 1097 ὅ
379 1030 781 1109 διδάσκαλος
838 1028 1083 1109 ἐκεῖνος
1137 1033 1248 1097 καὶ
1308 1029 1592 1118 ἐραστὴς
1648 1028 1724 1097 τὸ
1771 1035 1959 1117 γένος
2010 1030 2300 1112 Τυανεὺς

174 1136 290 1198 τῶν
328 1125 767 1220 Ἀπολλωνίῳ
840 1142 1085 1201 Τυανεῑ
1150 1138 1637 1219 συγγενομένων
1707 1136 1820 1200 καὶ
1884 1132 2004 1220 τὴν
2070 1137 2301 1202 πᾶσαν

99 1249 160 1299 214
176 1228 356 1301 αὐτοῦ
410 1235 789 1322 τραγῳδίαν
847 1234 1144 1303 εἰδότων.
1233 1232 1396 1325 ὁρᾷς
1455 1235 1528 1315 ἐξ
1583 1236 1733 1315 οἵας
1789 1259 1898 1304 σοι
1957 1237 2302 1327 διατριβῆς

176 1332 525 1420 ἄνθρωπον
572 1338 759 1423 λέγω.

326 1445 382 1506 6.
415 1433 591 1528 Ἤδη
638 1439 711 1506 δὲ
755 1439 1081 1526 πώγωνος
1124 1432 1617 1525 όᾍλέξανδρος
1668 1439 2144 1525 πιμπλάμενος
2187 1444 2295 1509 καὶ
2330 1448 2369 1503 6

175 1544 275 1608 τοῦ
321 1546 633 1620 Τυανέως
676 1540 927 1610 ἐκείνου
976 1535 1456 1620 ἀποθανόντος
1515 1540 1584 1608 ἐν
1629 1534 1889 1631 ἀπορίᾳ
1930 1544 2297 1626 καθεστώς,

178 1636 626 1733 ἆπηνθηκυίας
673 1644 810 1729 ἅμα
854 1648 973 1731 τῆς
1019 1640 1226 1730 ὥρας,
1275 1636 1400 1732 ἀφ’
1452 1637 1533 1730 ἧς
1574 1648 1958 1732 τρέφεσθαι
2002 1644 2299 1726 ἐδύνατο,

177 1738 370 1813 οὐκέτι
422 1745 663 1835 μικρὸν
722 1740 914 1814 ούδὲν
974 1746 1267 1829 ἐπενόει,
1337 1740 1509 1812 ἀλλὰ
1577 1745 1991 1833 κοινωνήσας
2046 1748 2300 1828 Βυζαν-

175 1854 279 1933 τίῳ
346 1852 478 1917 τινὶ
549 1849 954 1939 χορογράφῳ
1027 1853 1161 1916 τῶν
1226 1853 1602 1916 καθιέντων
1670 1848 1737 1927 ἐς
1798 1847 1956 1928 τοὺς
2023 1843 2300 1936 ἀγῶνας,

176 1950 327 2019 πολὺ
390 1957 903 2039 καταρατοτέρῳ
971 1951 1092 2039 τὴν
1150 1952 1353 2040 φύσιν
1411 1991 1496 2001 -
1552 1955 1910 2031 Κοκκωνᾶς
1975 1953 2047 2020 δὲ
2113 1950 2304 2038 οἶμαι

178 2050 440 2122 ἐκαλεῖτο
512 2091 595 2103 -
661 2055 1028 2142 περιῄεσαν
1099 2054 1523 2142 γοητεύοντες
1595 2056 1708 2120 καὶ
1780 2050 2305 2141 μαγγανεύοντες

177 2159 268 2223 καὶ
319 2156 472 2235 τούς
531 2171 770 2240 παχεῖς
813 2161 946 2223 τῶν
992 2156 1382 2243 ἀνθρώπων
1428 2194 1510 2205 -
1558 2149 1769 2235 οῧτως
1811 2155 1936 2242 γὰρ
1984 2151 2176 2225 αὐτοὶ
2220 2162 2304 2246 τῇ

176 2268 418 2348 πατρίῳ
465 2264 599 2328 τῶν
642 2260 875 2347 μάγων
922 2264 1117 2349 φωνῇ
1160 2259 1318 2339 τοὺς
1347 2261 1716 2339 πλουσίους
1746 2254 2189 2344 ὀνομάζουσιν
2219 2299 2304 2310 -

178 2353 645 2448 ἀποκείροντες.
721 2362 790 2430 ἐν
836 2362 915 2451 δὴ
962 2363 1228 2440 τούτοις
1271 2365 1380 2430 καὶ
1425 2367 1731 2430 Μακέτιν
1775 2377 2048 2450 γυναῖκα
2091 2365 2303 2430 πλου-

180 2469 341 2548 σίαν,
396 2467 649 2553 ἔξωρον
706 2472 862 2552 μέν,
932 2465 1250 2551 ἐράσμιον
1314 2467 1386 2534 δὲ
1446 2466 1589 2556 [ἔτι]
1648 2464 1823 2535 εἶναι
1876 2469 2301 2556 βουλομένην,

178 2563 532 2651 ἐξευρόντες
584 2567 1053 2638 ἐπεσιτίσαντό
1099 2594 1173 2636 τε
1217 2568 1299 2636 τὰ
1348 2563 1678 2655 ἇρκοῦντα
1723 2564 1890 2654 παρ’
1945 2564 2149 2659 αὐτῆς
2191 2573 2302 2638 καὶ

177 2659 622 2759 ἠκολούθησαν
668 2671 737 2739 ἐκ
779 2675 899 2759 τῆς
943 2677 1279 2750 Βιθυνίας
1323 2670 1391 2750 ἒς
1435 2671 1554 2759 τὴν
1601 2672 2055 2740 Μακεδονίαν.
2122 2673 2303 2739 Πελ-

179 2770 316 2837 λαία
372 2773 444 2841 δὲ
505 2758 585 2861 ἦν
641 2771 890 2863 ἐκείνη,
947 2773 1166 2840 πάλαι
1221 2768 1342 2858 μὲν
1405 2768 1800 2859 εὐδαίμονος
1836 2780 2088 2861 χωρίου
2131 2774 2301 2842 κατὰ

176 2871 311 2951 τοὺς
371 2879 510 2943 τῶν
574 2875 992 2943 Μακεδόνων
1052 2878 1410 2961 βασιλέας,
1487 2880 1599 2943 νῦν
1665 2876 1737 2944 δὲ
1802 2880 2126 2943 ταπεινοῦ
2189 2880 2302 2944 καὶ

178 2966 534 3062 ὀλιγίστους
578 2972 929 3067 οἰκήτορας
974 2978 1255 3061 ἔχοντος.
1353 2985 1412 3045 7.
1472 2978 1769 3046 ἐνταῦθα
1826 2979 2083 3057 ἰδόντες
2140 2978 2302 3065 δρά-
2338 2995 2368 3049 7

104 3084 391 3158 215κοντας
458 3086 955 3168 παμμεγέθεις,
1022 3076 1307 3166 ἡμέρους
1373 3080 1555 3148 πάνυ
1610 3084 1720 3148 καὶ
1778 3080 2139 3161 τιθασούς,
2211 3075 2302 3157 ὥς

177 3172 293 3247 ὕπὸ
348 3187 673 3269 γυναικῶν
714 3188 1096 3273 τρέφεσθαι
1150 3186 1266 3251 καὶ
1312 3184 1621 3262 παιδίοις
1668 3182 2147 3270 συγκαθεύδειν
2190 3185 2301 3248 καὶ

178 3290 615 3369 πατουμένους
673 3279 1038 3369 ἀνέχεσθαι
1095 3288 1209 3352 καὶ
1261 3287 1710 3370 θλιβομένους
1770 3283 1858 3373 μὴ
1914 3279 2302 3371 ἀγανακτεῖν

179 3387 274 3451 καὶ
299 3387 468 3471 γάλα
500 3394 726 3455 πίνειν
759 3382 897 3455 άπὸ
931 3389 1150 3477 θηλῆς
1185 3385 1352 3454 κατὰ
1398 3386 1476 3454 τὸ
1513 3381 1672 3454 αὐτὸ
1722 3400 1866 3465 τοῖς
1907 3391 2189 3475 βρέφεσι
2221 3423 2295 3435 -

181 3489 400 3556 πολλοὶ
448 3491 521 3557 δὲ
563 3497 902 3576 γίγνονται
946 3486 1123 3574 παρ’
1173 3484 1402 3568 αὐτοῖς
1444 3492 1773 3569 τοιοῦτοι,
1820 3488 1987 3556 ὅθεν
2029 3491 2139 3556 καὶ
2185 3488 2302 3555 τὸν

182 3594 320 3675 περὶ
377 3596 495 3680 τῆς
532 3586 990 3677 Ὀλυμπιάδος
1047 3595 1271 3676 μῦθον
1331 3592 1774 3680 διαφοιτῆσαι
1831 3590 2050 3658 πάλαι
2108 3589 2301 3668 εἰκός,

184 3684 370 3759 ὁπότε
436 3693 609 3762 ἐκύει
674 3694 792 3762 τὸν
841 3688 1306 3783 Ἀλέξανδρον,
1377 3694 1736 3780 δράκοντος
1803 3690 1995 3779 οἶμαι
2064 3716 2302 3780 συγκα-

183 3792 519 3875 θεύδοντος
566 3790 734 3884 αὗτῇ
789 3796 1099 3864 τοιούτου
1159 3834 1237 3843 --
1301 3792 1630 3864 ὠνοῦνται
1688 3799 1822 3862 τῶν
1880 3795 2177 3882 ἑρπετῶν
2234 3796 2303 3861 ἓν

186 3891 248 3960 τὸ
304 3897 649 3966 κάλλιστον
711 3892 954 3985 ὀλίγων
1006 3892 1286 3984 ὀβολῶν.
1335 3902 1392 3966 8.
1438 3903 1549 3966 καὶ
1594 3897 1761 3964 κατὰ
1805 3896 1922 3966 τὸν
1973 3896 2294 3964 Θουκυδί-
2329 3912 2366 3968 8

189 3992 289 4083 δην
318 3993 582 4086 ἄρχεται
616 3996 650 4067 ὅ
688 4000 988 4085 πόλεμος
1019 3995 1336 4089 ἐνθένδεῆ
1368 4001 1469 4088 δη.
1517 3996 1609 4078 ὥς
1638 3997 1764 4085 γὰρ
1797 3989 1877 4064 ὀῗν
1908 4001 2003 4082 (†)
2035 3997 2151 4065 δύο
2181 3997 2301 4065 κά-
