2800 4500
970 280 1470 333 SUPPLEMENTA.
2170 277 2291 336 287

957 520 1473 588 ABDICATUS.

306 676 357 717 c.
400 663 453 717 1.
499 652 580 720 τὰ
625 653 757 721 ὑπὸ
801 666 924 721 τοῦ
967 654 1216 738 πατρὸς
1243 655 1265 740 Ι
1292 678 1408 719 om.
1453 653 1533 721 τὰ
1578 691 1662 701 -
1715 676 1767 716 c.
1802 661 1859 717 3.
1906 653 2300 720 ὑπώπτευον

41 754 44 829 ζ
152 753 251 838 ἤδη
277 754 295 839 ΙΙ
325 756 434 825 ὑπ.
483 756 568 840 μὴ
616 755 690 840 δὴ
746 794 833 804 -
888 768 1011 824 τοῦ
1054 758 1299 841 πατρὸς
1327 755 1348 841 Ι
1375 779 1490 821 om.
1534 766 1659 823 τοῦ
1714 793 1801 803 -
1854 763 1941 834 εἰς
1982 756 2240 839 μακρὰν
2282 756 2303 840 ΙΙ

41 926 44 939 ,
154 858 205 935 ἐς
241 884 298 936 μ,
349 895 434 904 -
483 881 535 921 e.
570 867 630 922 4.
677 858 893 938 οὕτως
929 858 1156 944 Ιοῧτω
1205 896 1279 905 -
1329 859 1493 944 πρὸς
1537 885 1672 925 κατ.
1708 857 1727 943 ss
1759 885 1888 943 προ
1933 860 2065 935 (sic)
2112 885 2167 925 κ.
2218 896 2300 904 -

156 979 198 1020 c.
230 967 281 1022 5.
324 961 608 1045 μητρυιὰ
648 961 667 1047 ΙΙ
703 962 958 1046 μητρυὰ
1006 999 1080 1008 -
1135 972 1307 1040 σῶος
1349 961 1370 1046 Ι
1414 972 1608 1040 σῶιος
1649 997 1734 1006 -
1779 969 1886 1026 καὶ
1940 960 1979 1043 ἡ
2024 960 2302 1043 μητρυιὰ

156 1069 208 1128 δὲ
236 1062 449 1146 ἐπῄνει
477 1062 500 1149 Ι
526 1068 620 1131 ἐπ.
655 1071 720 1130 δὲ
765 1072 871 1130 καὶ
900 1064 937 1148 ἡ
968 1063 1221 1149 μητρυά
1267 1100 1340 1110 -
1393 1062 1792 1147 ἀποκήρυξις
1818 1060 1839 1145 Ι
1867 1063 1973 1128 α’π.
2022 1067 2173 1128 υἱοῦ
2220 1099 2294 1108 -

157 1186 199 1226 c.
230 1174 279 1229 6.
328 1164 758 1248 παρεφύλαξα
785 1165 806 1255 Ι
833 1165 1336 1249 παρεφυλάξατο
1382 1202 1466 1211 -
1511 1169 1613 1230 ἐπὶ
1658 1175 1770 1249 γῆς
1815 1191 1868 1245 y.
1902 1163 1923 1246 Ι
1952 1168 2053 1229 ἐπὶ
2087 1174 2200 1245 τῆς
2244 1190 2296 1244 γ.

154 1302 224 1311 -
264 1266 583 1354 ᾤκτειρον
611 1265 630 1351 ΙΙ
659 1267 934 1353 ᾤκτειρα
984 1303 1059 1313 -
1109 1290 1162 1330 e.
1200 1275 1254 1329 7.
1300 1267 1523 1348 πάσχει
1551 1273 1670 1346 μὲν
1697 1266 1719 1351 Ι
1744 1272 1863 1344 μὲν
1893 1269 2030 1328 add.
2060 1271 2123 1327 in
2151 1286 2321 1340 mar--⁸

157 1372 274 1446 gine
321 1405 401 1414 —
453 1391 508 1431 e.
545 1376 603 1432 8.
649 1368 814 1452 πρὸς
859 1368 1171 1454 διαβολὴν
1199 1368 1220 1453 Ι
1248 1391 1363 1432 om.
1410 1370 1575 1453 πρὸς
1619 1405 1702 1414 -
1748 1377 1995 1454 γυναίῳ
2042 1366 2306 1453 ἐχθρῴΙΙ

156 1474 206 1530 in
243 1493 432 1551 marg.
477 1492 528 1534 r.
575 1493 652 1533 m.
698 1478 943 1556 αἰσχρῶ
997 1508 1082 1519 -
1141 1494 1194 1534 e.
1227 1480 1286 1535 9.
1342 1481 1480 1537 τῶν
1525 1477 1778 1537 παιὸῶν
1805 1469 1825 1554 Ι
1853 1478 1959 1536 καὶ
2002 1498 2055 1536 τ.
2106 1497 2171 1536 π.
2223 1507 2299 1517 -

159 1571 385 1657 ἀνάγκη
417 1578 635 1651 μένειν
663 1572 683 1658 ss
712 1574 811 1640 οἷν.
843 1580 964 1653 μὲν
992 1578 1207 1652 μένειν
1252 1611 1335 1620 --
1378 1583 1502 1639 τοῦ
1545 1579 1662 1651 μὲν
1706 1572 1827 1655 γὰρ
1857 1572 1879 1657 Ι
1907 1582 2105 1639 τοῦτο
2150 1600 2212 1651 μ.
2248 1600 2301 1653 y.

309 1696 364 1737 e.
405 1683 502 1738 10.
534 1674 982 1758 ἄνατέτροφας
1010 1675 1031 1759 Ι
1059 1676 1506 1758 ἀνατέτραφας
1545 1712 1627 1722 -—
1674 1696 1728 1736 e.
1767 1682 1864 1736 11.
1907 1673 2026 1754 τὴν
2057 1672 2260 1756 αὐτὴν
2290 1671 2310 1756 Ι

159 1776 245 1839 ἐπὶ
285 1804 337 1845 τ.
390 1776 537 1843 αὐτ.
582 1813 665 1822 -
711 1784 799 1856 εἰς
843 1781 1064 1862 ἕτερον
1092 1776 1111 1862 ΙΙ
1140 1782 1202 1856 ἐς
1248 1780 1329 1844 St.
1391 1814 1475 1823 —
1538 1781 1599 1842 εἴ
1637 1796 1738 1842 σοι
1784 1775 2051 1855 ἀνάξιος
2078 1777 2097 1858 ΙΙ
2127 1783 2184 1841 εἰ
2221 1775 2307 1859 μὴ

159 1876 318 1958 ἅναξ.
370 1916 456 1925 -
500 1882 573 1944 ἓν
603 1886 722 1958 μὲν
751 1880 869 1964 Ιὲν
896 1886 1069 1959 μένει
1101 1916 1184 1926 —
1216 1879 1608 1965 παρῃτήσωΙ
1637 1878 1985 1963 παρῃτήσω
2027 1915 2112 1926 —-
2157 1876 2311 1944 α’νά-

161 1984 402 2047 ὃαστον
432 1983 452 2066 fl
481 2003 782 2061 suprascr.
811 2005 863 2045 r.
893 2004 971 2044 m.
1003 2009 1043 2048 a
1072 2019 1154 2028 —
1201 2004 1252 2045 c.
1293 1989 1389 2045 12.
1437 1983 1844 2048 ἀπωθεῖσθαι
1870 1981 1891 2064 Ι
1919 1981 2310 2063 ἄπωθῆσθαι

159 2117 228 2125 -
269 2080 386 2166 ἆρ’
432 2084 519 2150 ἂν
544 2085 567 2167 Ι
594 2083 713 2167 ἄρ’
743 2084 826 2151 ἂν
870 2121 953 2130 -
999 2106 1053 2147 e.
1093 2092 1188 2148 13.
1234 2083 1395 2150 ὄντα
1438 2111 1516 2164 με
1544 2084 1562 2166 ΙΙ
1591 2106 1704 2147 om.
1734 2110 1810 2161 με
1856 2119 1936 2128 -
1983 2081 2311 2166 α’ποκηρύ-

162 2182 586 2270 ξειΙοῖποκηρ.
633 2211 712 2266 με
754 2223 838 2231 -
883 2184 1093 2270 δήπου
1132 2184 1152 2272 Ι
1192 2184 1268 2269 δή
1313 2212 1417 2253 πω
1463 2223 1546 2232 -
1590 2181 1832 2253 οὑτωσὶ
1870 2184 1890 2270 [Ι
1936 2192 1996 2250 σὶ
2041 2206 2154 2246 om.
2201 2187 2310 2246 sed

161 2304 443 2365 suprascr.
502 2311 552 2350 r.
598 2310 677 2351 m.
733 2325 816 2334 —
876 2289 1178 2355 σώσαντα
1224 2290 1243 2373 Ι
1282 2294 1369 2351 sic
1424 2294 1578 2368 (aliis
1634 2291 1763 2352 fere
1831 2291 2100 2350 omnibus
2159 2292 2307 2349 locis

163 2386 344 2469 σώισ.)
409 2426 486 2435 -
552 2413 605 2453 e.
645 2399 742 2453 14.
801 2392 885 2457 οὐ
941 2390 1017 2473 δὴ
1076 2398 1326 2457 δίκαιον
1368 2391 1387 2476 ΙΙ
1432 2393 1513 2457 ού
1575 2398 1826 2457 δίκαιον
1871 2388 1996 2457 οὖν
2052 2426 2136 2436 --
2193 2388 2309 2472 τὴν

162 2487 417 2574 ἀμοιβὴν
464 2492 623 2557 ἄντ’
666 2496 934 2558 ἐκείνων
976 2490 996 2574 ΙΙ
1038 2493 1174 2559 α’ντ.
1211 2496 1295 2559 ἐκ.
1331 2519 1382 2558 τ.
1420 2493 1521 2570 α’μ.
1570 2530 1655 2539 -
1699 2499 1786 2569 εἰς
1829 2498 1945 2557 δικ.
1979 2494 2000 2577 Ι
2029 2495 2091 2570 ἐς
2137 2497 2187 2557 ὃ.
2223 2529 2309 2537 -

163 2610 208 2652 c.
241 2600 331 2655 16.
363 2600 451 2672 εἰς
482 2592 561 2659 τὸ
592 2600 779 2675 γένος
808 2595 828 2679 Ι]
856 2598 920 2673 ἐς
949 2623 1001 2662 τ.
1037 2621 1090 2675 y.
1130 2630 1216 2641 —
1246 2617 1299 2658 e.
1338 2603 1435 2657 17.
1467 2592 1839 2676 ὕπολάβοιΙ
1870 2593 2192 2675 ὕπολάβηι
2225 2629 2305 2638 —-

164 2698 236 2770 εἰς
265 2698 433 2761 ἴασιν
455 2694 476 2778 Ι
497 2699 562 2773 ἐς
594 2703 713 2763 ἰασ.
745 2733 819 2742 -
858 2704 946 2776 εἰς
975 2696 1137 2764 ὅσον
1159 2698 1260 2781 Ιές
1292 2697 1454 2763 ὅσον
1479 2732 1561 2744 -—
1584 2694 1758 2782 ᾧπερ
1780 2693 1801 2777 Ι
1821 2694 1982 2778 ἅπερ
2017 2731 2090 2740 -
2127 2717 2179 2757 e.
2213 2703 2308 2757 18.

165 2796 613 2864 ὃνσαλώτατον
632 2797 652 2882 Ι]
672 2798 1057 2866 δυσάλωτον
1084 2835 1159 2845 -
1188 2798 1375 2881 σώζω
1396 2798 1415 2882 ΙΙ
1437 2804 1525 2861 sic
1548 2834 1630 2843 —
1654 2798 1778 2864 κᾶν
1803 2798 1991 2879 α’ὁικῇ
2008 2814 2022 2825 ·
2045 2796 2272 2863 οὑτοσὶ
2294 2795 2313 2880 [Ι

164 2895 273 2963 κᾶν
300 2900 512 2983 α’ὃικῆι
542 2897 776 2980 οὗτος·
817 2909 876 2967 εἰ
916 2937 997 2947 -
1043 2902 1393 2985 καθύβριζε
1421 2902 1440 2985 ΙΙ
1468 2910 1613 2967 καθ.
1652 2907 1864 2966 δίκαια
1910 2937 1992 2946 -
2036 2899 2075 2982 ἢ
2119 2898 2196 2965 τό
2242 2925 2311 2979 γε

166 3000 238 3065 ἐλ.
271 2999 348 3086 1Ιῆ
382 3030 435 3070 τ.
470 3029 526 3084 y.
563 3029 608 3069 ε.
646 3041 728 3050 -
775 3025 828 3066 c.
868 3012 963 3067 19.
1011 3008 1295 3069 ἐνταῦθα
1338 3001 1644 3087 α’λλήλοις
1686 3000 1705 3086 ΙΙ
1749 3000 1970 3084 α’λλήλ.
2022 3005 2311 3066 ἐνταῦθα

169 3134 234 3145 -
291 3104 442 3171 ἄντ’
489 3103 562 3171 εὖ
608 3105 985 3173 ποιούντων
1025 3106 1047 3191 Ι
1087 3104 1660 3172 α’ντευποιούντων
1725 3141 1795 3150 -
1861 3100 1931 3168 εὖ
1973 3109 2263 3169 πέπονθε
2299 3107 2315 3184 {l

170 3222 269 3265 om.
298 3204 365 3272 εὖ
416 3243 492 3252 -
543 3213 631 3285 εἰς
675 3206 755 3273 τὰ
799 3217 999 3291 τηλικ.
1032 3207 1052 3291 Ι
1081 3211 1144 3285 ἐς
1187 3235 1238 3274 τ.
1286 3235 1339 3274 τ.

320 3330 373 3371 c.
407 3316 513 3371 20.
559 3316 732 3393 αἰτιᾷ
759 3308 779 3393 Ι
806 3316 979 3375 αἰτιᾶ
1020 3315 1109 3372 sic
1150 3331 1212 3388 p.
1243 3331 1321 3372 m.
1363 3344 1450 3355 —
1510 3331 1564 3371 c.
1598 3314 1699 3370 22.
1744 3308 1867 3373 οὐκ
1911 3310 2151 3383 ἐθέλεις
2181 3305 2201 3388 ΙΙ
2230 3306 2314 3372 ού

170 3412 354 3489 θέλεις
388 3447 464 3456 -
500 3410 764 3490 τούτοις
794 3411 988 3489 ὅμοια
1016 3410 1038 3495 Ι
1063 3421 1334 3478 τοιαῦτα
1376 3448 1461 3459 -·
1506 3411 1544 3477 ὃ
1589 3409 1797 3493 πατὴρ
1838 3408 2036 3487 αὐτὸς
2063 3406 2084 3492 Ι
2115 3408 2315 3487 αὐτὸς

55 3575 56 3596 ,
172 3505 425 3596 ὃπαῒὴρ
469 3550 556 3559 -
600 3523 697 3599 τῷ
723 3513 1128 3600 γραφεῖΙτῷ
1171 3512 1442 3599 γράφειν
1483 3550 1569 3560 —
1610 3522 1882 3579 τοιαῦτα
1927 3518 1992 3577 δὲ
2034 3510 2121 3594 μὴ
2151 3509 2171 3594 ΙΙ
2200 3533 2316 3575 om.

55 3609 56 3680 Ῑ
172 3608 245 3691 μὴ
284 3648 360 3659 -
405 3637 459 3677 c.
494 3621 597 3677 23.
640 3615 800 3698 μηδ’
843 3614 975 3681 ὑπὸ
1020 3623 1069 3697 ζ.
1118 3613 1141 3700 Ι
1177 3623 1330 3699 μηδὲ
1376 3616 1433 3681 ὓ.
1484 3624 1533 3697 ζ.
1594 3650 1679 3661 —-
1730 3614 1768 3697 ἡ
1813 3613 2037 3696 α’τελής
2072 3614 2321 3698 τέχνηῘΙ

174 3709 377 3797 α’τελὴς
419 3717 459 3799 ἦ
491 3722 680 3800 τέχνη
723 3755 808 3764 -
855 3739 908 3780 c.
944 3724 1045 3779 24.
1089 3726 1238 3783 νυνὶ
1267 3716 1288 3801 Ι
1315 3739 1437 3781 rec.
1469 3740 1545 3779 m.
1589 3752 1676 3761 —-
1719 3717 2028 3797 α’γνῶμον
2056 3714 2079 3797 Ι
2108 3716 2321 3797 ἄγνω-

174 3837 287 3886 μον
330 3853 400 3862 -
451 3819 661 3899 α’ξιοῖς
699 3818 719 3904 ΙΙ
763 3820 945 3900 ἄξιας
989 3857 1071 3866 -
1116 3819 1262 3887 τότε
1300 3819 1322 3904 Ι
1359 3819 1440 3886 τὰ
1484 3824 1585 3883 vel
1638 3818 1732 3885 τὼ
1783 3825 1846 3881 in
1891 3840 2043 3881 corr.
2091 3855 2174 3864 —-
2220 3810 2322 3882 εὐέ

178 3925 376 3983 ποιίαν
414 3918 434 4002 Ι
473 3922 774 3988 εύποίϊαν
829 3958 914 3968 -
965 3922 1043 3988 τὸ
1097 3922 1428 3989 δουλεύειν
1468 3920 1489 4010 Ι
1527 3931 1649 3987 τοῦ
1704 3928 1755 3988 ὅ.
1816 3958 1899 3967 -
1955 3927 2321 4004 προσδεδω-

178 4013 341 4097 κότες
380 4022 399 4106 Ι
437 4031 625 4107 προὸ.
687 4059 772 4070 -
831 4046 885 4087 e.
919 4031 1020 4087 26.
1062 4050 1173 4103 μοι
1219 4022 1416 4102 οὗτος
1459 4024 1479 4106 ΙΙ
1518 4030 1637 4102 μὲν
1683 4020 1882 4103 οὗτος
1925 4062 2007 4071 -
2054 4022 2257 4104 δόξειε
2301 4022 2322 4106 Ι
