2800 4500
803 282 842 333 E
888 281 1162 334 NUGHUS.
1197 309 1265 319 -
1301 280 1384 332 DE
1421 281 1845 336 ASTROLOOEA.
2274 283 2399 341 341

1081 569 1576 638 EUNUCHUS.

284 781 339 821 e.
377 767 428 822 1.
460 758 672 825 πόθεν
702 811 715 823 .
752 811 765 824 .
801 811 816 824 .
865 752 912 839 ἢ
956 767 1019 824 τί
1059 766 1266 837 γελῶν
1313 755 1463 838 ἡμῖν
1511 756 1733 836 ἀφῖξαι
1764 755 1783 839 Ι
1813 777 1936 820 om.
1982 752 2030 819 ’ἲ
2074 759 2241 821 det.

285 885 338 925 o.
369 869 426 925 3.
458 861 624 927 κατὰ
655 860 797 926 τὸν
828 858 1127 926 ἐνιαυτόν
1156 858 1176 941 fl
1204 859 1380 924 κατ’
1413 858 1752 924 ἐνιαυτόν
1784 862 1883 921 Fr.
1927 897 2012 907 —
2042 860 2157 940 ἐφ’
2202 860 2415 947 ὅτῳΙ

462 964 576 1044 ἐφ’
609 960 732 1050 ᾧτε
763 965 907 1025 Cob.
953 1000 1032 1010 —
1079 971 1302 1043 τρίτον
1333 988 1407 1027 τι
1440 960 1691 1042 ἀγαθὸν
1722 970 1854 1025 καὶ
1884 972 2083 1028 τοῦτο
2115 966 2363 1029 οἴεσθαι
2400 963 2420 1045 Ε

462 1089 589 1131 om.
635 1093 706 1131 τι
752 1119 765 1132 .
817 1119 830 1131 .
882 1111 899 1128 .
943 1072 1071 1131 καὶ
1117 1067 1185 1130 ἦ.

286 1193 341 1233 e.
371 1178 428 1233 6.
462 1176 658 1251 ἱερῶν
705 1169 976 1234 αὐτῶν
1005 1167 1025 1253 Ι
1053 1190 1180 1230 om.
1225 1167 1497 1232 αὐτῶν
1541 1167 1609 1232 U.

284 1297 338 1337 e.
375 1280 432 1334 7.
465 1270 1015 1353 ἐμφθεγξάμενος
1042 1268 1062 1353 fl
1091 1266 1535 1350 φθεγξάμενος
1564 1271 1665 1331 Fr.
1710 1305 1793 1316 ——
1840 1275 1907 1334 εἰ
1946 1280 2230 1353 περιῆν
2260 1270 2279 1354 fl
2310 1274 2413 1335 εἴ·

462 1400 610 1457 περ
654 1371 745 1456 ἦν
792 1375 860 1439 21.

283 1500 336 1544 o.
373 1484 430 1541 8.
465 1480 568 1542 ἐπὶ
627 1484 1063 1557 φιλοσοφίαν
1120 1472 1553 1555 παρελθὼν
1594 1471 1617 1558 Ι
1658 1477 1761 1538 ἐπὶ
1820 1483 2201 1559 φιλοσοφίᾳ
2260 1478 2410 1551 (Fr.)

464 1582 1053 1661 παραγγέλλων
1097 1578 1211 1654 (21).
1281 1577 1391 1638 Est
1420 1583 1615 1637 autem
1644 1579 1746 1640 ἐπὶ
1777 1585 2135 1660 φιλοσοφίᾳ
2164 1602 2409 1659 παραγ·

469 1686 718 1762 γε’λλειν
765 1679 1218 1761 „philosophiae
1262 1681 1500 1756 publioe
1546 1679 1797 1740 docendi
1828 1699 2009 1740 causa
2046 1699 2257 1741 munus
2288 1700 2407 1740 am-

468 1787 597 1847 bire
629 1787 760 1845 sive
788 1783 1202 1861 philosophiae
1247 1782 1503 1843 doctoris
1544 1781 1830 1843 honorem
1860 1782 2132 1859 petere“.
2176 1786 2278 1843 Fr.
2323 1817 2407 1826 —

459 1894 566 1951 καὶ
615 1894 819 1967 σχῆμα
847 1882 920 1968 Η
962 1880 984 1967 ]
1029 1885 1192 1946 det.

277 2013 336 2054 e.
366 1996 424 2053 9.
455 1998 579 2054 τοῦ
637 1993 702 2054 δὲ
760 1986 842 2053 οὗ
900 1983 1269 2066 σωματικὴν
1325 1988 1629 2063 λέγοντος
1687 1986 1848 2048 εἶναι
1906 1984 2053 2049 α’λλ
2073 1984 2088 2005 ’
2154 1983 2351 2067 α’λκή
2372 2012 2409 2049 ν

460 2100 698 2171 ψυχῆς
728 2096 834 2154 καὶ
866 2099 976 2169 τῆς
1006 2086 1263 2168 γνώμης
1308 2089 1591 2165 ἐξέτασιν
1622 2091 1753 2151 δεῖν
1798 2093 2123 2166 γίγνεσθαι
2154 2085 2174 2169 fl
2201 2087 2403 2153 α’λλά

460 2202 596 2274 τῆς
638 2200 898 2273 ψυχῆς
950 2192 1146 2270 det.;
1203 2191 1304 2251 Fr.
1364 2188 1521 2254 ἄλλ’
1579 2187 1782 2270 ἄλλην
1839 2187 1955 2270 τὴν
2011 2198 2123 2272 τῆς
2179 2200 2407 2273 ψυχῆς,

463 2296 623 2373 quod
652 2303 718 2356 ut
745 2298 988 2372 propius
1033 2295 1204 2355 abest
1231 2313 1268 2352 a
1298 2295 1563 2354 codicum
1607 2295 1881 2372 lectione,
1925 2297 2009 2353 ita
2037 2312 2155 2355 non
2187 2301 2277 2355 est
2304 2315 2409 2355 ne·

464 2400 804 2476 cessarium,
852 2399 1124 2474 quoniam
1167 2391 1370 2476 α’λκὴν
1416 2394 1594 2456 facile
1623 2414 1787 2456 mera
1818 2396 2220 2473 dittographia
2262 2400 2409 2457 irre·

463 2519 611 2578 pere
642 2505 892 2577 poterat.
925 2534 1006 2544 —
1037 2496 1348 2576 εὐνοῦχος
1392 2510 1531 2573 τοῖς
1561 2500 1731 2573 νέοις
1771 2492 1794 2579 Ι
1836 2512 1974 2574 τοῖς
2008 2523 2063 2561 ν.
2114 2496 2184 2560 ειῖ
2190 2523 2241 2562 ν.
2279 2493 2400 2563 ᾟΓ.

224 2628 284 2668 o.
329 2610 428 2665 10.
462 2616 760 2681 φανεῖται
783 2616 796 2628 ·
825 2606 894 2665 εἰ
921 2605 996 2664 δὲ
1027 2597 1110 2680 μὴ
1140 2595 1487 2676 ψεύδονται
1518 2594 1537 2680 fl
1566 2613 1880 2678 φανεῖται,
1928 2600 2000 2662 εἴ
2026 2623 2105 2677 γε
2134 2596 2219 2680 μὴ
2249 2595 2407 2678 ψεύ-

18 2669 22 2740 Ι

465 2709 691 2768 ὁοντὶτι
722 2705 824 2764 Fr.
871 2703 1034 2764 det..
1087 2735 1160 2746 —
1209 2706 1336 2763 καὶ
1382 2696 1605 2779 μοιχὸς
1653 2698 1822 2764 ἑάλω
1868 2705 2025 2765 ποτέ
2054 2698 2073 2782 ss
2101 2698 2226 2765 ὅτι
2272 2708 2408 2765 καὶ

21 2765 24 2872 >f
461 2807 732 2868 Solanus.

220 2933 281 2974 o.
321 2915 425 2973 12.
459 2906 692 2984 τινὰς
722 2960 736 2972 .
772 2960 786 2972 .
822 2958 836 2972 .
873 2914 1009 2971 τῶν
1052 2957 1065 2970 .
1104 2957 1118 2970 .
1167 2912 1497 2984 γυναικῶν
1526 2901 1547 2984 Ι
1572 2901 1719 2968 τινὰ
1766 2905 1911 2966 Cob.

218 3036 279 3077 o.
322 3017 428 3074 13.
462 3007 940 3074 ἐναντιώτατον
986 3006 1200 3090 αὑτῷ
1229 3003 1248 3088 Ι
1277 3005 1456 3089 αι’τῷ
1500 3008 1597 3068 Pr.

954 3293 1073 3359 DE
1118 3291 1694 3360 ASTROLOGIA.

634 3483 1135 3557 Quemadmodum
1180 3484 1480 3543 Lucianus
1538 3485 1757 3560 aliique
1819 3503 2022 3545 eorum
2076 3491 2406 3561 temporum

457 3588 728 3647 rhetores
775 3587 1028 3645 dialecto
1071 3587 1266 3645 ionica
1308 3604 1427 3645 non
1473 3586 1789 3648 utebantur
1803 3585 1858 3663 *J
1917 3589 2033 3647 nisi
2077 3589 2219 3647 artis
2263 3605 2408 3647 suae

458 3688 846 3751 ostentandae
892 3706 1104 3766 causa,
1165 3677 1341 3764 at'que
1385 3691 1743 3765 praecipuas
1795 3694 2023 3749 tantum
2068 3692 2193 3750 eius
2239 3692 2409 3767 leges

458 3791 864 3867 sequebantur
906 3791 1184 3867 neglecta
1225 3792 1286 3850 in
1333 3792 1545 3850 ceteris
1601 3811 1806 3852 norma
1851 3799 1911 3853 et
1955 3794 2263 3872 exemplo,
2322 3794 2411 3853 sio

415 3960 469 4022 ⁴⁸)
506 3956 851 4024 Bernhardy,
888 3954 1188 4010 Grundriss
1223 3955 1324 4009 der
1357 3955 1737 4022 griechischen
1764 3957 2408 4029 Litteraturgeschiehte.

212 4041 456 4099 Ffinfte
492 4039 875 4109 Bearbeitung
908 4054 1015 4093 von
1049 4038 1294 4093 Richard
1336 4038 1657 4094 Volkmann.
1721 4040 1883 4096 Halle
1923 4047 2073 4097 1592.
2133 4044 2188 4100 S.
2214 4048 2337 4099 650.
