2800 4500
456 256 539 313 82
1356 259 1727 312 ΛΟΥΚΙΑΝΟΥ

457 453 566 495 οτι
607 427 732 515 γὰρ
782 421 896 495 οὐκ
951 424 1137 507 αξιος
1183 413 1387 507 αὖθις
1432 433 1690 495 παθεῖν
1736 432 1977 510 ταῦτα,
2037 422 2156 495 ὕπ’
2229 423 2430 496 αὐτοῦ
2490 433 2612 495 σοῦ

456 531 952 632 μεμαρτύρηται
983 533 1089 598 καὶ
1119 530 1406 620 χρηστὸς
1434 527 1557 621 ἤδη
1592 522 1685 598 ὠν
1716 527 2159 619 ὡμολόγηται.
2236 526 2611 620 ἀμετανόη-

458 658 573 699 τον
620 632 735 701 ούν
778 633 898 723 τὴν
945 628 1283 723 ανάληψιν
1341 638 1453 701 καὶ
1511 633 1630 724 τὴν
1687 634 2047 760 διαλλαγὴν
2102 640 2377 719 βέβαιον
2435 631 2611 702 εἶναι

457 736 782 824 προσήκει
824 762 992 821 μετα
1036 743 1253 818 κρίσιν
1300 737 1475 803 οὕτω
1534 736 1791 823 πολλὴν
1847 740 1960 803 καὶ
2017 735 2133 803 δύο
2194 737 2609 824 δικαστήρια,

458 838 527 903 ἓν
583 839 704 921 μὲν
760 836 836 905 τὸ
903 843 1201 926 πρῶτον,
1261 832 1375 926 ἐφ’
1440 832 1516 905 05
1574 838 1973 925 παρῃτήσω,
2034 839 2341 926 δεύτερον
2401 839 2474 905 δὲ
2532 838 2607 905 τὸ

459 940 596 1022 σόν,
645 940 758 1008 ὅτε
801 934 1299 1025 μετεβουλεύσω
1343 944 1458 1009 καὶ
1503 936 1880 1008 ἀνάδαστον
1912 940 2271 1029 ἐποίησας·
2319 940 2406 1007 τὰ
2437 940 2609 1029 πρό-

456 1069 647 1131 τερον
694 1043 1070 1130 ἐγνωσμένα
1124 1038 1327 1121 λύσας
1380 1049 1682 1128 βεβαιοῖς
1738 1042 1823 1109 τὰ
1881 1037 2032 1127 μετ’
2100 1043 2317 1112 ἐκεῖνα
2367 1050 2607 1129 βεβου-

460 1148 758 1230 λευμένα.
847 1151 1005 1230 μένε
1048 1152 1270 1213 τοίνυν
1328 1144 1444 1212 ἐπὶ
1499 1150 1632 1211 τῶν
1687 1148 2087 1213 τελευταίων
2141 1150 2255 1214 καὶ
2313 1146 2609 1234 φύλαττε

455 1246 576 1337 τὴν
624 1253 871 1315 σαυτοῦ
912 1256 1159 1333 κρίσιν·
1207 1254 1471 1333 πατέρα
1515 1272 1590 1316 σε
1635 1246 1808 1316 εἶναι
1844 1249 1977 1317 δεῖ·
2022 1253 2218 1316 τοῦτο
2263 1248 2391 1337 γὰρ
2425 1250 2610 1327 ἔδοξέ

350 1362 419 1417 12
462 1373 590 1433 σοι,
637 1345 818 1418 τοῦτ’
871 1351 1289 1435 ἐδοκίμασας,
1333 1345 1519 1417 τοῦτ>
1555 1351 1908 1438 ἐκύρωσας.
2002 1358 2100 1418 12.
2149 1350 2272 1439 ἐγώ
2304 1352 2425 1436 μὲν
2458 1346 2600 1419 οὐδ’

458 1452 517 1519 εἰ
560 1452 651 1542 μὴ
698 1447 900 1539 φύσει
943 1468 1110 1532 παῖς
1161 1479 1271 1541 ην,
1333 1458 1620 1537 θέμενος
1677 1453 1749 1520 δὲ
1810 1447 2291 1578 αποκηρύττειν
2343 1450 2604 1541 ἤθελες,

458 1555 700 1635 ἐξεῖναι
748 1583 828 1622 αν
877 1578 986 1623 σοι
1030 1550 1248 1641 ᾠμην·
1294 1554 1330 1622 ὃ
1376 1554 1502 1642 γὰρ
1545 1555 1665 1643 τὴν
1725 1549 1927 1645 ἀρχὴν
1979 1556 2067 1646 μὴ
2126 1571 2352 1625 ποιεῖν
2412 1557 2606 1624 δυνα-

456 1658 572 1726 τὸν
618 1656 729 1748 ἠν,
788 1655 958 1724 τοῦτ’
1014 1654 1242 1725 α’δικον
1288 1657 1469 1725 λύειν
1517 1658 1705 1737 απαξ
1743 1659 2113 1745 γενόμενον.
2201 1658 2320 1726 τὸν
2379 1660 2453 1726 δὲ
2496 1663 2604 1727 καὶ
2624 1682 2695 1733 ιτο

458 1761 659 1849 φύσει
718 1763 830 1827 καὶ
892 1745 1095 1837 αὖθις
1150 1765 1544 1847 προαιρέσει
1600 1764 1713 1828 καὶ
1770 1761 1995 1848 γνώμῃ
2052 1761 2605 1849 ἐσπεποιημένον,

455 1866 605 1941 πῶς
664 1857 932 1947 εύλογον
992 1848 1197 1939 αὖθις
1253 1856 1661 1929 αποθέσθαι
1716 1866 1828 1930 καὶ
1885 1863 2210 1943 πολλάκις
2274 1868 2394 1954 τῆς
2449 1868 2608 1949 μιᾶς

459 1964 867 2052 οἰκειότητος
913 1958 1352 2051 ἀποστερεῖν,
1396 1963 1457 2030 εἰ
1502 1958 1566 2028 δ’
1620 1964 1876 2053 οἰκέτης
1922 1956 2012 2031 ὢν
2057 1966 2437 2053 ἐτύγχανον,
2496 1971 2607 2034 καὶ

456 2065 532 2134 τὸ
572 2067 692 2151 μὲν
738 2092 1008 2154 πρωτον
1054 2065 1349 2154 πονηρὸν
1381 2066 1689 2151 οἰόμενος
1719 2066 2068 2156 ἐπέδησας,
2115 2074 2605 2152 μεταπεισθεὶς

458 2170 529 2236 δὲ
588 2195 680 2249 ως
741 2164 931 2238 οὐδὲν
986 2163 1287 2261 ἠδίκουν,
1356 2168 1715 2256 ἐλεύθερον
1772 2164 2035 2260 αφῆκας
2093 2168 2296 2254 εἶναι,
2360 2158 2460 2260 ἆρ’
2528 2201 2603 2239 αν

455 2296 566 2340 σοι
625 2272 797 2357 πρὸς
854 2271 1084 2358 καιρὸν
1144 2266 1534 2358 ὀργισθέντι
1592 2257 1799 2351 αὖθις
1859 2272 2009 2362 ἐξῆν
2067 2273 2136 2352 ἐς
2185 2274 2304 2362 τὴν
2364 2272 2604 2359 ομοίαν

455 2375 764 2442 δουλείαν
823 2374 1220 2460 ἐπανάγειν,
1279 2368 1606 2458 οὐδαμῶς.
1701 2374 1786 2441 τὰ
1842 2375 1968 2497 γὰρ
2025 2380 2306 2443 τοιαῦτα
2361 2382 2604 2462 βέβαια

454 2481 565 2545 καὶ
614 2476 727 2543 διὰ
773 2474 1030 2553 παντὸς
1073 2475 1269 2563 κύρια
1311 2472 1633 2563 ὑπάρχειν
1678 2478 1746 2544 οἱ
1794 2478 1990 2561 νόμοι
2026 2472 2348 2557 ἀξιοῦσιν.
2438 2475 2606 2565 ὑπὲρ

452 2581 572 2665 μὲν
620 2564 733 2646 052¹
777 2582 897 2645 τοῦ
939 2582 1175 2665 μηκέτι
1219 2576 1466 2656 ἐξεῖναι
1506 2578 1721 2666 τούτῳ
1775 2574 2258 2669 ἀποκηρύττειν
2303 2608 2380 2648 ον
2428 2575 2609 2662 απαξ

461 2675 883 2769 ἆποκηρύξας
929 2677 1095 2746 ἑκων
1144 2673 1491 2764 ἀνέλαβεν,
1538 2680 1638 2748 ἔτι
1684 2643 1906 2748 ιπολλοὶ
1954 2682 2169 2750 ειπεῑν
2216 2683 2382 2766 ἔχων
2429 2683 2609 2769 ὅμως

455 2782 821 2866 παύσομαι.

346 2889 1145 2968 1313.Σκέψασθε
1203 2884 1276 2950 δὲ
1333 2878 1457 2972 ἤδη
1515 2884 1748 2951 (σντινα
1807 2880 1970 2952 όντα
2023 2891 2134 2953 καὶ
2199 2880 2608 2978 ἆποκηρύξει

455 3007 571 3072 με·
628 2989 742 3053 καὶ
796 2984 871 3053 οὐ
932 2985 1009 3072 δή
1071 3010 1206 3051 που
1263 2981 1462 3052 τοῦτο’
1519 3011 1724 3074 φημι,
1784 2983 1878 3066 ὥς
1934 2988 2089 3055 τότε
2131 2989 2253 3073 μὲν
2314 2986 2607 3080 ἰδιώτην,

460 3094 572 3157 νῦν
620 3088 762 3156 δὲ’
739 3087 997 3174 ιατρόν·
1046 3082 1200 3155 οὐδὲ
1243 3087 1368 3174 γάρ
1418 3115 1497 3155 αν
1543 3087 1716 3175 πρὸς
1758 3094 1954 3157 τοῦτο
1999 3087 2038 3178 ἡ
2085 3096 2272 3180 τέχνη
2312 3117 2611 3181 συναγω-

461 3199 754 3260 σίναιτο·
813 3184 959 3257 ούδ
1013 3184 1120 3258 ότι
1164 3189 1317 3258 τότε
1358 3191 1481 3274 μὲν
1525 3195 1702 3272 νέον,
1760 3195 1872 3257 νῦν
1919 3192 1989 3258 δὲ
2033 3189 2155 3282 ηδη
2202 3197 2312 3261 καὶ
2360 3202 2610 3283 προβε-

455 3293 707 3383 βηκότα
752 3295 859 3360 καὶ
905 3292 981 3360 τὸ
1029 3291 1276 3359 πιστὸν
1320 3297 1441 3358 τοῦ
1483 3293 1688 3421 μηδὲν
1736 3287 2048 3383 ἀδικῆσαι
2107 3286 2186 3361 ὃν
2243 3297 2438 3385 παρὰ
2492 3301 2611 3386 τῆς

455 3393 779 3485 ηλικίας’
760 3394 1021 3479 έχοντα·
1081 3393 1316 3482 μικρὸν
1367 3393 1494 3482 γὰρ
1539 3395 1706 3472 ἴσως
1748 3400 1859 3464 καὶ
1916 3401 2132 3464 τοῦτο.
2224 3392 2400 3464 ἀλλὰ
2457 3399 2610 3467 τότε

455 3504 607 3584 μέν,
657 3523 716 3564 ει
759 3501 868 3565 καὶ
918 3498 1123 3586 μηδὲν
1168 3493 1593 3585 ἠδικημένος,
1655 3523 1748 3576 ως
1793 3525 1876 3564 αν
1920 3498 2121 3586 ἔγωγε
2168 3506 2409 3591 φαίην,
2463 3496 2602 3569 αλλ’

456 3594 609 3668 οὐδὲ
655 3585 725 3667 55
771 3597 1146 3678 πεπονθώς
1190 3613 1554 3687 παρῃτεῖτο
1601 3604 1720 3689 τῆς
1765 3600 1997 3683 οἰκίας,
2052 3606 2165 3670 νῦν
2212 3603 2285 3670 δὲ
2336 3609 2611 3695 σωτῆρα

455 3704 723 3790 ε’ναγχος
765 3707 876 3771 καὶ
922 3696 1262 3791 εὐεργέτην
1305 3706 1750 3789 γεγενημένον,
1799 3696 1875 3769 οὗ
1921 3710 1988 3770 τί
2028 3700 2272 3789 γένοιτ’
2328 3696 2410 3774 ὃν
2443 3703 2698 3791 luxa-171

453 3806 868 3895 ριστότερον,
947 3809 1259 3870 σωθέντα
1328 3798 1421 3871 δι’
1493 3804 1608 3888 ἐμὲ
1675 3808 1785 3871 καὶ
1851 3808 2236 3894 τηλικοῦτον
2302 3810 2608 3877 κίνδυνον

456 3906 955 3995 διαπεφευγότα
1000 3919 1144 3984 τοῖς
1186 3905 1523 3983 τοιούτοις
1575 3900 1779 3984 εὐθὺς
1839 3900 2248 3991 ἀμείβεσθαι
2303 3915 2424 3999 τῆς
2482 3917 2607 3978 θε-

454 4015 743 4097 ραπείας
788 4008 1037 4096 ἐκείνης
1084 4000 1319 4073 οὐδένα
1378 4006 1572 4092 λόγον
1632 4008 1892 4090 ἔχοντα,
1955 4004 2105 4076 ἀλλ’
2175 4008 2423 4080 οὗτωσὶ
2483 4014 2603 4102 ῥα·
