2800 4500
730 260 1165 314 ΑΔΕΞΑΝΔΡΟΣ
1199 260 1242 313 fl
1276 260 1768 314 ΨΕΥΔΟΜΑΝΤΙΣ.
2200 260 2320 321 103

199 428 656 518 παραδοθῆναι
703 424 917 516 ανδρα
961 430 1514 517 τρισκατάρατον,
1563 429 1850 514 ἐμαυτοῦ
1880 430 1971 512 δέ,
2020 431 2320 519 σπουδὴν

201 536 584 615 ποιουμένου
632 531 748 600 ἐπὶ
791 532 1068 621 τοιαύτῃ
1115 533 1385 622 ἱστορίᾳ
1428 536 1540 601 καὶ
1572 533 1896 620 πράξεσιν
1929 527 2320 620 ἀνθρώπου,

117 624 263 700 209όν
294 658 364 701 ου
406 632 504 718 μὰ
547 641 689 702 Δία
729 634 1185 721 γινώσκεσθαι
1230 633 1405 721 πρὸς
1458 639 1590 703 τῶν
1646 636 2200 719 πεπαιδευμένων
2243 621 2323 723 ἦν

195 731 392 818 ἀξιον,
451 730 603 803 ἀλλ’
670 737 737 805 ἐν
793 737 1126 828 πανδήμῳ
1180 741 1312 806 τινὶ
1366 744 1659 826 μεγίστῳ
1705 738 1977 825 θεάτρῳ
2022 735 2322 824 ὁρᾶσθαι

190 833 307 905 ὑπὸ
349 839 669 927 πιθήκων
712 830 755 926 ἢ
811 834 1179 908 ἀλωπέκιον
1229 840 1806 925 σπαραττόμενον.
1897 834 2045 907 ἀλλ’
2096 839 2177 930 ἤν
2219 871 2323 924 τις

191 938 331 1029 ἡμῖν
387 943 680 1031 ἐπιφέρῃ
735 937 981 1032 ταύτην
1035 942 1157 1031 τὴν
1219 943 1477 1025 αἰτίαν,
1546 942 1776 1028 ἕξομεν
1838 947 1948 1011 καὶ
2009 938 2201 1015 αὐτοὶ
2257 946 2323 1026 ἐς

189 1045 602 1132 παράδειγμά
658 1071 727 1113 τι
781 1048 1086 1113 τοιοῦτον
1139 1039 1539 1131 ἀνενεγκεῖν·
1581 1049 1697 1113 καὶ
1731 1039 2068 1132 Ἀρριανὸς
2109 1047 2236 1135 γὰρ
2281 1046 2315 1117 ὅ

187 1151 293 1213 τοῦ
337 1141 731 1234 Ἐπικτήτου
787 1147 1132 1237 μαθητής,
1194 1141 1361 1234 ἀνὴρ
1414 1146 1751 1231 Ῥωμαίων
1808 1147 1876 1215 ἐν
1933 1163 2076 1228 τοῖς
2134 1151 2318 1235 πρώ-

187 1276 313 1329 τοις
339 1251 456 1318 καὶ
485 1250 772 1339 παιδείᾳ
799 1244 970 1335 παρ’
1021 1249 1180 1317 ὅλον
1209 1249 1328 1318 τὸν
1356 1256 1510 1335 βίον
1555 1250 2040 1338 συγγενόμενος,
2085 1244 2323 1334 ὅμοιόν

186 1379 245 1420 τι
282 1350 540 1419 παθὼν
585 1347 1077 1442 ἀπολογήσαιτ’
1138 1342 1221 1418 ἀν
1264 1355 1376 1419 καὶ
1432 1348 1607 1439 ὑπὲρ
1649 1348 1871 1441 ἡμῶν·
1924 1354 2322 1440 Τιλλιρόβου

189 1459 325 1541 γοῦν
353 1458 478 1522 τοῦ
511 1457 756 1543 λῃστοῦ
799 1449 1101 1533 κάκεῖνος
1139 1461 1292 1539 βίον
1338 1448 1732 1542 ἀναγράψαι
1774 1449 2087 1545 ἠξίωσεν·
2131 1452 2324 1545 ἡμεῖς

190 1557 250 1623 δὲ
300 1556 475 1625 πολὺ
539 1552 878 1643 ὠμοτέρου
924 1559 1169 1645 λῃστοῦ
1213 1558 1474 1646 μνήμην
1519 1557 1986 1645 ποιησόμεθα,
2047 1550 2186 1644 ὅσῳ
2229 1557 2318 1644 μὴ

188 1660 245 1726 ἓν
283 1653 476 1739 ῧλαις
519 1663 632 1727 καὶ
679 1657 747 1726 ἐν
789 1654 1036 1744 ὄρεσιν,
1092 1653 1242 1725 ἀλλ’
1295 1657 1365 1726 ἐν
1412 1659 1694 1727 πόλεσιν
1740 1654 1933 1739 οὗτος
1976 1659 2322 1748 ἐλῄστευεν

188 1756 252 1828 οὗ
280 1768 621 1830 Βιθυνίαν
662 1762 868 1845 μόνον
913 1755 1068 1830 οὐδὲ
1109 1760 1230 1849 τὴν
1248 1757 1427 1849 Ἴδην
1470 1767 1884 1847 κατατρέχων
1928 1758 2084 1829 οὐδὲ
2127 1756 2321 1849 ὀλίγα

185 1868 285 1951 τῆς
307 1858 542 1943 ,Ἀσίας
585 1870 751 1952 μέρη
795 1863 881 1930 τὰ
928 1863 1307 1952 ἐρημότατα
1351 1866 1707 1952 λεηλατῶν,
1759 1857 1927 1930 ἀλλὰ
1972 1869 2201 1933 πᾶσαν
2233 1861 2324 1944 ὥς

191 1966 392 2034 εἰπεῖν
444 1965 567 2055 τὴν
606 1963 943 2051 Ῥωμαίων
1002 1960 1205 2056 ἀρχὴν
1265 1965 1616 2053 ἐμπλήσας
1670 1970 1787 2056 τῆς
1842 1968 2153 2054 λῃστείας
2203 1971 2320 2057 τῆς

187 2094 397 2137 αυτου.

344 2178 401 2239 3.
449 2172 794 2260 Πρότερον
841 2171 914 2238 δέ
957 2193 1069 2238 σοι
1113 2164 1316 2238 αὐτὸν
1357 2166 1741 2259 ὗπογράψω
1783 2174 1881 2258 τῷ
1927 2171 2098 2259 λόγῳ
2144 2171 2318 2258 πρὸς
2354 2191 2393 2247 3

63 2270 66 2275 '
186 2273 251 2341 τὸ
297 2269 698 2359 ὁμοιότατον
741 2274 1044 2355 εἰκάσας,
1114 2269 1206 2352 ὥς
1251 2300 1334 2342 αν
1380 2274 1698 2358 δύνωμαι,
1742 2281 1961 2342 καίτοι
2007 2272 2096 2363 μὴ
2141 2274 2321 2340 πάνυ

116 2377 501 2465 Ἁογραφικός
555 2403 662 2455 τις
715 2372 846 2444 ὥν·
903 2375 981 2443 τὸ
1038 2375 1166 2463 γὰρ
1223 2376 1301 2461 δὴ
1364 2380 1589 2461 σῶμα,
1647 2376 1759 2443 ι’να
1817 2399 1927 2444 σοι
1969 2379 2078 2444 καὶ
2122 2378 2321 2443 τοῦτο

195 2479 411 2561 δείξω,
470 2485 676 2567 μέγας
730 2504 806 2547 τε
861 2464 941 2567 ἦν
999 2483 1112 2547 καὶ
1166 2477 1368 2557 καλὸς
1421 2479 1590 2547 ιδεῖν
1631 2483 1744 2547 καὶ
1788 2477 2187 2567 θεοπρεπὴς
2232 2503 2323 2557 ως

194 2575 486 2671 ἀληθῶς,
550 2581 778 2660 λευκὸς
834 2581 956 2671 τὴν
996 2580 1375 2666 χρόαν,τὸ
1424 2587 1676 2668 γένειον
1722 2607 1798 2648 ου
1843 2583 2023 2649 πάνυ
2068 2582 2319 2662 λάσιος,

192 2685 384 2804 κόμην
443 2684 566 2774 τὴν
609 2686 732 2769 μὲν
777 2684 988 2762 ἰδίαν,
1031 2711 1153 2774 την
1199 2685 1272 2752 δὲ
1313 2688 1428 2752 καὶ
1474 2685 1865 2771 πρόσθετον
1890 2685 2322 2805 ἐπικείμενος

194 2810 256 2852 ευ
307 2788 486 2872 μάλα
547 2786 939 2875 εἰκασμένην
993 2789 1106 2853 καὶ
1161 2785 1320 2864 τοὺς
1380 2784 1675 2865 πολλοὺς
1724 2780 1833 2854 ὅτι
1872 2773 1956 2876 ἦν
2000 2781 2323 2874 ἀλλοτρία

195 2889 570 2979 λεληθυῖαν·
620 2882 975 3010 ὀφθαλμοὶ
1007 2887 1181 2955 πολὺ
1212 2886 1288 2955 τὸ
1338 2887 1576 2956 ε’νθεον
1619 2891 1729 2955 καὶ
1774 2888 1850 2955 τὸ
1895 2887 2133 2975 γοργὸν
2171 2914 2322 2955 επι-

194 2998 560 3076 φαίνοντες,
630 2991 920 3080 φώνημα
983 2983 1257 3076 ήδιστόν
1312 3016 1387 3057 τε
1446 2984 1587 3074 ἅμα
1641 2994 1754 3058 καὶ
1815 2991 2319 3079 λαμπρότατον·

191 3097 283 3160 καὶ
339 3095 515 3173 ὅλως
572 3088 957 3177 ουδαμόθεν
1013 3091 1329 3179 μωμητὸς
1385 3119 1464 3179 ην
1507 3092 1718 3159 ταῦτά
1761 3118 1852 3180 γε.
1941 3101 2002 3160 4.
2048 3092 2317 3159 τοιόσδε
2352 3107 2392 3163 4

191 3196 295 3274 μὲν
336 3196 455 3285 τὴν
499 3195 797 3284 μορφήν·
855 3190 894 3283 ἡ
945 3192 1120 3283 ψυχὴ
1167 3195 1241 3260 δὲ
1284 3196 1398 3261 καὶ
1441 3190 1479 3281 2‘
1526 3218 1780 3282 γνωμη,
1842 3232 1925 3244 -
1982 3188 2321 3271 ἀλεξίκακε

182 3277 482 3382 Ηρακλες
526 3302 636 3367 καὶ
669 3301 803 3364 Ζεῦ
849 3292 1277 3381 ἀποτρόπαιε
1321 3299 1434 3363 καὶ
1464 3295 1869 3380 Διόσκουροι
1916 3299 2207 3385 σωτῆρες
2237 3333 2321 3347 -

190 3402 530 3485 πολεμίοις
578 3404 692 3467 καὶ
746 3399 1015 3484 εχθροῖς
1068 3398 1352 3482 ἐντυχεῖν
1404 3404 1681 3485 γένοιτο,
1733 3396 1823 3486 μὴ
1879 3405 2320 3485 συγγενέσθαι

189 3503 456 3588 τοιούτῳ
511 3508 687 3570 τινί·
748 3506 1010 3569 συνέσει
1064 3501 1185 3585 μὲν
1239 3500 1365 3588 γὰρ
1425 3503 1535 3568 καὶ
1584 3494 1885 3589 ἀγχινοίᾳ
1928 3504 2036 3569 καὶ
2085 3504 2320 3589 δριμύ-

189 3625 323 3689 τητι
363 3604 699 3688 πάμπολυ
743 3607 877 3671 τῶν
923 3598 1146 3669 αλλων
1193 3603 1479 3691 διέφερε,
1532 3606 1644 3669 καὶ
1686 3602 1763 3670 τὸ
1811 3611 2163 3692 περίεργον
2206 3610 2319 3674 καὶ

192 3696 468 3787 εὐμαθὲς
520 3708 636 3772 καὶ
688 3704 764 3773 τὸ
821 3704 1224 3794 μνημονικὸν
1277 3708 1389 3771 καὶ
1450 3704 1623 3791 πρὸς
1665 3704 1750 3771 τὰ
1792 3707 2169 3794 μαθήματα
2215 3733 2320 3774 ευ-

194 3808 339 3891 φυὲς
364 3808 591 3875 πάντα
621 3812 833 3875 ταῦτα
864 3807 959 3886 εἰς
987 3803 1426 3894 ὑπερβολὴν(
1394 3811 1757 3890 εκασταχοῦ
1784 3803 2076 3895 ὑπῆρχεν
2108 3803 2317 3895 αὐτῷ·

196 3904 405 3997 ἐχρῆτο
448 3912 524 3978 δὲ
568 3906 801 3989 αὐτοῖς
845 3910 912 3989 ἐς
955 3909 1030 3978 τὸ
1074 3917 1442 3995 χείριστον·
1489 3912 1599 3977 καὶ
1643 3934 1893 3995 οργανα
1922 3913 2133 3975 ταῦτα
2174 3935 2319 3996 γεν·

198 4024 335 4077 ναῑα
374 4009 885 4101 ὑποβεβλημένα
916 4011 1078 4094 ’έχων
1110 4006 1345 4080 αὐτίκα
1375 4011 1558 4096 μάλα
1592 4014 1723 4078 τῶν
1769 4011 1885 4078 ἐπὶ
1928 4017 2125 4098 κακίᾳ
2171 4012 2320 4079 δια-
