2800 4500
479 274 604 331 254
793 320 798 323 -
1433 275 1688 329 LUCIANl
2773 332 2774 421 γ

687 451 771 514 ἐκ.
822 459 934 532 τῆς
979 458 1122 514 πολ.
1169 445 1188 532 ΙΙ
1231 457 1343 530 τῆς
1389 459 1532 515 πολ.
1586 451 1669 515 ἐκ.
1717 445 1893 510 ΩΠΓ
1954 485 2036 494 —-
2093 458 2338 531 παρῆγε
2382 446 2403 532 fl
2447 449 2648 534 α’νῆκε
2773 448 2774 522 ζ

687 546 765 610 Ψ
808 585 894 594 -
937 566 1270 634 προειπεῖν
1314 548 1333 633 ΙΙ
1377 567 1750 634 προσειπεῖν
1793 555 1849 614 U

475 662 653 714 12:123.
686 651 1124 736 ε’πεσρεόντων
1228 651 1663 736 ἐπιρρεόντων
1710 650 1886 716 QUI*
1932 653 2399 738 ἐπεισρεόντων
2434 652 2515 716 ¹P
2563 691 2640 701 —

686 754 861 839 παρὰ
903 764 1027 822 τοῦ
1069 764 1232 821 θεοῦ
1274 752 1293 836 ΙΙ
1337 762 1481 839 περὶ
1525 783 1575 822 τ.
1626 765 1688 822 θ.
1743 752 1818 816 Ψ
1866 792 1939 801 -
1988 755 2149 822 ἄλλ’
2180 753 2648 842 άμφιβόλουςΙ

685 855 850 923 ἀλλὰ
880 864 986 923 καὶ
1018 857 1237 938 ἄμφιβ.
1267 855 1445 920 QUI*
1474 894 1545 902 -
1572 863 2203 941 κατεσφραγισμένον
2233 859 2310 924 τὸ
2339 867 2604 939 βιβλίον
2626 860 2646 942 ΙΙ

684 959 760 1026 τὸ
802 968 859 1039 β.
910 986 1045 1026 κατ.
1097 957 1273 1022 QUI*
1327 998 1400 1006 —
1449 960 2025 1045 παρακινδυνεύων
2068 960 2088 1045 ΙΙ
2130 972 2515 1046 παρακινῶν
2568 959 2643 1023 Ψ

684 1099 766 1108 —-
812 1061 1091 1128 ἐπελθὸν
1137 1062 1156 1148 ΙΙ
1197 1061 1274 1129 τὸ
1321 1062 1614 1130 ὑπελθὸν
1657 1061 1724 1126 Ω
1771 1063 2080 1130 ὑπελθὼν
2134 1063 2183 1125 Γ
2229 1102 2312 1110 -
2359 1064 2580 1142 ἄλλως
2622 1061 2643 1148 Ι

683 1165 842 1231 ἄλλ’
888 1165 977 1244 ὡς
1022 1161 1100 1225 Ψ
1144 1202 1226 1211 -
1272 1165 1598 1250 ὑπέγραφε
1703 1166 2072 1251 ὑπέγραψεν
2115 1164 2167 1228 Γ
2211 1171 2532 1252 ἐπέγραφε
2561 1164 2642 1229 Ψ

685 1305 768 1314 --
824 1276 930 1333 καὶ
990 1267 1065 1333 τὸ
1124 1279 1430 1335 τοιοῦτον
1486 1267 1505 1351 ΙΙ
1548 1268 1710 1335 κατὰ
1769 1269 1846 1336 τὸ
1896 1280 2205 1336 τοιοῦτον
2253 1267 2332 1332 Ψ
2390 1308 2473 1317 -
2536 1274 2642 1336 ἐπὶ

681 1369 897 1456 τούτῳ
951 1367 970 1454 ΙΙ
1030 1372 1132 1435 ἐπὶ
1190 1380 1388 1437 τοῦτο
1447 1368 1578 1432 ΨΓ
1637 1410 1718 1418 -—
1763 1371 2372 1452 ἀπολαμβανόντων
2418 1372 2438 1458 ΙΙ
2482 1383 2641 1452 λαμ-

680 1471 1024 1553 βανόντων
1071 1469 1149 1533 Ψ
1208 1473 1817 1553 ὑπολαμβανόντων
1861 1471 1912 1534 Γ
1971 1512 2054 1522 -
2111 1471 2190 1558 ἦν
2234 1472 2254 1558 Ι
2297 1483 2542 1556 γίνεται
2588 1473 2639 1536 Γ

475 1622 523 1654 ν.
559 1606 654 1654 2313«.
689 1591 1073 1679 ἐχρησμῴδει
1115 1590 1135 1677 ΙΙ
1179 1593 1563 1677 έχρησμωδει
1609 1591 1660 1655 Γ
1720 1632 1801 1641 -
1861 1592 1940 1660 ου’
1998 1621 2066 1676 γε
2110 1593 2323 1661 πάντα
2368 1592 2389 1677 fl
2432 1592 2515 1660 σὺ
2558 1594 2639 1661 τὰ

684 1694 895 1761 πάντα
940 1692 1018 1756 Ψ
1064 1733 1138 1742 -
1192 1695 1407 1775 (ὄπυες
1449 1696 1468 1780 ΙΙ
1512 1697 1750 1776 ὤπυιες
1794 1695 1844 1757 Γ
1903 1734 1977 1743 —-
2032 1700 2280 1764 ἐκεῖνον
2321 1695 2342 1782 ΙΙ
2386 1701 2640 1781 ἐκείνην

684 1796 762 1860 Ψ
819 1837 900 1846 ——
948 1797 1064 1882 σὴν
1110 1826 1171 1865 π.
1219 1798 1237 1883 ΙΙ
1278 1798 1394 1883 τὴν
1412 1802 1489 1880 (Ρ)
1532 1827 1595 1867 π.
1642 1796 1694 1860 Γ
1740 1837 1818 1846 —-
1872 1807 2031 1879 ἰδίας
2073 1799 2092 1884 [Ι
2135 1799 2381 1885 άκαρὴν
2427 1798 2510 1863 Ψ
2555 1838 2641 1847 -

681 1900 753 1984 δὴ
812 1927 874 1982 φ.
923 1900 942 1985 ΙΙ
990 1923 1103 1964 om.
1163 1899 1235 1984 δὴ
1294 1899 1372 1963 Ψ
1432 1939 1513 1948 —-
1571 1901 1904 1986 εἰςαΐοιςΙΙ
1962 1906 2196 1982 ε’ςαίοις
2240 1900 2318 1964 Ψ
2375 1938 2458 1949 -
2519 1910 2635 1970 εἰσ-

684 2002 907 2088 οράοις
964 2003 982 2089 ΙΙ
1038 2003 1310 2089 ε’σοράας
1369 2001 1519 2066 ΩΨ
1565 2004 1861 2090 εἰσοράας
1915 2002 2023 2068 ΗΓ
2086 2042 2170 2052 -
2236 2010 2636 2072 κατέπτυσεν

681 2107 763 2173 ἂν
806 2105 825 2190 ΙΙ
869 2107 950 2173 ἂν
996 2113 1388 2174 κατέπτυσεν
1437 2105 1515 2169 Ψ

475 2250 523 2286 ν..
559 2234 652 2286 51.
686 2227 944 2311 ἔχρησεν
987 2222 1007 2310 ΙΙ
1048 2229 1266 2311 ἔχρησε
1309 2223 1361 2287 Γ
1406 2265 1489 2273 —-
1534 2229 1747 2312 ἔροιτο
1795 2237 1985 2311 φωνῇ
2014 2226 2033 2311 ΙΙ
2061 2253 2125 2308 φ.
2178 2229 2391 2311 ἔροιτο
2440 2224 2521 2289 Ψ
2553 2264 2637 2274 -—

681 2336 944 2414 Συριστὶ
973 2329 1011 2413 ἢ
1042 2340 1334 2397 Κελτιστί
1359 2330 1379 2415 fl
1407 2341 1585 2397 Κελτ.
1620 2330 1658 2413 ἢ
1689 2342 1845 2415 Συρ.
1888 2328 1969 2392 Ψ
2013 2368 2092 2376 -
2141 2330 2223 2397 οὐ
2268 2333 2320 2413 ῥ.
2356 2330 2376 2415 ΙΙ
2404 2351 2522 2393 om.
2556 2330 2641 2397 οὐ

680 2429 856 2495 ΩΠΓ
887 2470 968 2478 -
1003 2432 1309 2499 δεδωκόσι
1340 2433 1358 2515 ΙΙ
1386 2433 1737 2501 δεδωκόσιν
1768 2433 1818 2496 Γ
1866 2472 1940 2480 -
1992 2444 2128 2500 τῶν
2171 2442 2448 2514 βιβλίων
2479 2431 2499 2518 ΙΙ
2528 2441 2638 2499 καὶ

679 2544 736 2615 β.
774 2532 852 2597 Ψ
877 2572 953 2581 -
992 2535 1080 2615 ὡς
1103 2539 1172 2602 έν
1203 2556 1334 2604 τοσ.
1362 2534 1381 2621 ΙΙ
1404 2558 1519 2600 om.
1552 2536 1641 2616 ὡς
1662 2534 1740 2599 Ψ
1776 2574 1861 2584 —
1892 2535 2187 2624 τοσούτῳ
2210 2534 2229 2622 ΙΙ
2247 2534 2551 2603 τοσούτω
2590 2533 2641 2597 Γ

680 2674 763 2685 -
793 2637 1060 2704 λύοιντο
1089 2636 1108 2723 ΙΙ
1136 2645 1417 2706 δίδοιντο
1442 2636 1521 2701 Ψ
1560 2677 1634 2685 —
1666 2638 1893 2723 Σκύθῃ
1922 2638 1941 2724 ΙΙ
1973 2638 2201 2723 Σκύθη
2233 2637 2286 2701 Γ
2316 2637 2526 2723 σκήθη
2560 2635 2639 2700 Ψ

684 2776 759 2784 -
800 2762 980 2823 χρησ.
1030 2738 1109 2825 ἦν
1150 2738 1169 2824 ΙΙ
1212 2763 1326 2805 om.
1371 2738 1453 2825 ἦν
1497 2738 1577 2804 Ψ
1621 2778 1708 2786 -
1741 2739 1999 2826 Μόρφι.
2024 2796 2037 2809 .
2068 2796 2081 2809 .
2106 2740 2272 2821 φάος
2315 2742 2333 2825 ΙΙ
2372 2738 2640 2824 μορφὴν

681 2845 750 2909 ἐν
807 2852 1158 2927 βαργουλις
1217 2850 1303 2924 εἰς
1364 2852 1598 2911 κακίαν
1649 2870 2032 2929 χνεχικραγκ
2090 2853 2293 2925 λείψει
2354 2842 2525 2923 φάος
2569 2838 2641 2903 Ω

677 2971 933 3046 μορφεῦ
984 2962 1355 3045 μάργουλος
1414 2956 1751 3046 ἰσχνὶαιχεν
1791 2971 2197 3049 χῖψιφαοσθρ
2211 2967 2289 3045 (Ρ)
2346 2962 2424 3026 Ψ
2482 2989 2642 3047 μορ-

682 3064 811 3147 φὴν
842 3068 910 3131 έν
947 3073 1298 3150 βαργουλις
1329 3074 1415 3145 εἰς
1447 3084 1633 3132 σκιαν
1660 3092 2002 3151 χνεχικραγ
2043 3067 2324 3150 η’λείψεις
2369 3065 2540 3148 φάος
2584 3069 2642 3129 U

678 3175 924 3253 μορφὶν
955 3179 1335 3253 ευαργουλις
1366 3176 1453 3248 εἰς
1485 3188 1672 3236 σκιαν
1710 3196 2091 3255 χνεχικραγη
2134 3179 2336 3251 λείψει
2383 3168 2553 3251 φάος
2583 3165 2639 3229 Γ

471 3311 519 3348 ‹··..
552 3299 647 3351 3⁵2.
677 3288 914 3368 Ἄλλως
955 3287 973 3374 ΙΙ
1017 3289 1180 3357 άλλο
1239 3286 1317 3351 Ψ
1371 3288 1571 3369 ἄλλος
1614 3286 1721 3353 ΠΓ
1779 3327 1860 3336 —
1907 3288 2078 3369 ὅλως
2118 3288 2137 3371 ΙΙ
2183 3289 2389 3378 ἄλλῳ·
2428 3287 2509 3352 Ψ
2551 3324 2640 3335 -

681 3394 798 3474 ἔφη
842 3391 861 3475 ΙΙ
904 3414 1016 3454 om.
1061 3389 1140 3454 Ψ
1203 3430 1272 3437 -
1339 3397 1594 3473 πέμψας
1651 3412 1717 3458 σε
1760 3390 1778 3475 ΙΙ
1823 3411 1890 3458 σε
1942 3414 2056 3456 om.
2104 3389 2182 3453 Ψ
2236 3427 2320 3439 -
2379 3402 2641 3475 λῃστῶν

681 3498 1092 3576 ἐπαχθέντων
1136 3495 1155 3579 ΙΙ
1197 3506 1307 3578 τῆς
1362 3506 1497 3562 τῶν
1544 3499 1635 3563 ε’π.
1687 3492 1765 3556 Ψ
1820 3506 2076 3579 ληστῶν
2122 3494 2643 3580 προσελθόντων

680 3591 732 3655 Γ
776 3606 1030 3678 λῃστῶν
1075 3597 1582 3681 προσελθόντων
1627 3594 1753 3660 ΩΙ]

475 3743 519 3775 ν..
555 3723 651 3779 ῡ3.
681 3723 787 3780 καὶ
832 3736 1048 3783 κατασ.
1098 3715 1118 3801 ΙΙ
1162 3739 1276 3781 om.
1321 3727 1429 3784 καὶ
1473 3715 1551 3779 Ψ
1596 3756 1680 3764 -
1724 3715 2170 3801 ὑπογράφεται
2212 3718 2233 3802 ΙΙ
2269 3718 2642 3804 άπογράφε-

681 3844 782 3884 ται
827 3822 883 3881 U
939 3856 1021 3865 —
1065 3830 1497 3905 νυκτερείσιος
1539 3820 1557 3905 ΙΙ
1602 3828 2002 3904 νυκτερίσιος
2040 3816 2166 3882 ΩΠ
2217 3821 2642 3906 νυκτερήσιος

682 3919 732 3981 Γ
791 3958 876 3969 -
933 3921 1447 4005 Σαβαρδαλάχου
1506 3922 1752 4005 μάλαχ’
1796 3923 1995 3999 Ἄττις
2041 3920 2240 4000 ἄλλος
2284 3920 2366 4006 ἦν
2412 3922 2431 4007 ΙΙ
2473 3934 2637 4004 Σαβ.

681 4038 934 4121 μάλαχα
995 4037 1334 4119 ἆττιάλλος
1390 4037 1471 4124 ἦν
1519 4040 1587 4103 Ω
1645 4025 1991 4126 ΣαβαρδάΞ
2033 4025 2165 4119 μάα
2222 4042 2417 4126 ἄττης
2470 4041 2643 4109 ἄλλο
