2800 4500
960 248 1110 299 ΠΕΡΙ
1148 245 1506 299 ΟΡΧΗΣΕΩΣ.
2176 241 2301 300 147

42 409 650 513 δοτειέμορφότερον
713 419 828 483 καὶ.
895 415 1337 504 τερπνότερον
1412 415 1883 482 ἐπιδείκνυται.
1991 411 2111 502 τὴν
2183 413 2306 496 μὲν

130 512 253 583 οῦν
324 541 406 602 κε
470 518 786 584 σύντονον
847 525 1105 607 κίνησιν
1167 521 1286 606 τῆς
1356 511 1747 605 ὀρχηστικῆς
1818 517 1929 582 καὶ
2004 514 2306 603 στροφὰς

131 613 352 706 αὐτῆς
398 622 518 687 καὶ
555 618 982 705 περιαγωγὰς
1023 622 1134 687 καὶ
1171 618 1537 708 πηδήματα
1566 620 1676 684 καὶ
1709 614 2130 699 ὑπτιασμοὺς
2159 630 2303 695 τοῖς

127 720 255 802 μὲν
305 715 556 798 ἄλλοις
589 718 842 805 τερπνὰ
891 717 1065 789 εἶναι
1108 721 1512 809 συμβέβηκεν
1557 716 1788 803 ὁρῶσι,
1833 732 1977 797 τοῖς
2021 719 2092 785 δὲ
2124 716 2302 804 ἐνερ-

126 823 380 906 γοῦσιν
426 815 662 900 αῦτοῑς.
696 818 1147 908 ὑγιεινότατα·
1209 828 1590 908 γυμνασίων
1633 819 1758 907 γάρ
1816 818 1890 887 τὸ
1949 819 2303 887 κάλλιστόν

128 947 196 988 τε
251 921 408 1006 ἅμα
449 926 560 990 καὶ
614 917 1117 1008 εὐρυθμότατον
1178 928 1379 992 τοῦτο
1438 929 1647 1011 φαίην
1705 913 1785 992 ἀν
1846 922 2047 1009 ἔγωγε
2106 919 2299 1004 εἶναι,

127 1024 485 1106 μαλάττον
528 1025 651 1109 μὲν
691 1024 766 1092 τὸ
816 1030 1008 1109 σῶμα
1048 1027 1166 1093 καὶ
1203 1025 1513 1110 κάμπτον
1553 1028 1665 1092 καὶ
1699 1023 2014 1112 κουφίζον
2044 1027 2156 1090 καὶ
2186 1018 2294 1091 εὗ-

124 1128 325 1213 χερὲς
372 1124 552 1196 εἶναι
590 1125 766 1213 πρὸς
808 1127 1184 1214 μεταβολὴν
1229 1127 1544 1195 διδάσκον
1590 1127 1776 1211 ἰσχύν
1820 1152 1894 1195 τε
1939 1120 2013 1193 οὗ
2058 1126 2300 1212 μικρὰν

129 1233 550 1317 περιποιοῦν
592 1243 748 1306 τοῖς,
795 1224 1081 1313 σώμασι.
1175 1235 1279 1298 72.
1326 1227 1474 1309 πῶς
1531 1215 1646 1295 οῦν
1703 1228 1779 1296 ού
1839 1223 2297 1313 παναρμόνιόν
2326 1229 2394 1285 72

127 1356 196 1397 τι
232 1327 554 1419 χρῆμαή
615 1326 934 1419 ὄρχησις,
978 1330 1289 1418 θήγουσα
1344 1332 1467 1415 μὲν
1522 1329 1640 1420 τὴν
1699 1330 1944 1417 ψυχήν,
2005 1325 2300 1397 ἀσκοῦσα

132 1433 199 1499 δὲ
245 1436 378 1501 καὶ
418 1431 494 1499 τὸ
544 1436 760 1517 σῶμα,
806 1432 1155 1519 τέρπουσα
1202 1433 1274 1500 δὲ
1318 1432 1474 1511 τοῦς
1518 1429 1845 1518 ὁρῶντας,
1892 1432 2299 1500 διδάσκουσα

133 1534 198 1601 δὲ
246 1532 485 1600 πολλὰ
529 1536 664 1600 τῶν
706 1534 934 1601 πάλαι·
964 1528 1092 1601 ὕπ’
1146 1527 1377 1612 αὐλοῖς
1406 1536 1517 1600 καὶ
1548 1533 1908 1619 κυμβάλοις
1938 1536 2045 1599 καὶ
2078 1534 2299 1615 μελῶν

132 1628 483 1723 εὖρυθμίᾳ
524 1638 636 1702 καὶ
679 1635 950 1724 κηλήσει
993 1629 1108 1702 διά
1150 1660 1224 1702 τε
1279 1628 1667 1720 ὀφθαλμῶν
1724 1638 1841 1703 καὶ
1879 1629 2115 1724 ἀκοῆς,·
2172 1629 2288 1701 εἴτ’

134 1725 249 1805 οῦν
313 1742 547 1826 φωνῆς
606 1731 953 1822 εὐμοιρίαν
1010 1737 1254 1827 ζητεῖς,
1322 1741 1460 1805 ποῦ
1524 1728 1605 1806 ἀν
1661 1731 1995 1821 ἀλλαχόθι
2059 1737 2296 1825 εὕροις,

132 1829 170 1922 ἢ
229 1853 447 1906 ποῖον
500 1838 1062 1927 πολυφωνότερον
1121 1834 1424 1923 άκουσμα
1480 1830 1522 1929 ἢ
1589 1839 2098 1927 ἐμμελέστερονς
2163 1841 2300 1908 εἴτε

133 1936 346 2009 αύλοῦ
392 1944 512 2007 καὶ·
551 1939 855 2026 σύριγγος
895 1939 974 2009 τὸ
1023 1941 1498 2028 λιγυρώτερον,
1561 1938 1710 2021 ἅλις
1755 1945 1867 2009 καὶ
1919 1941 2174 2008 τούτων
2228 1941 2297 2009 ἐν

134 2036 413 2162 ὀρχήσει
457 2036 847 2110 ἀπολαῦσαί
892 2064 1004 2111 σοι
1045 2042 1397 2130 πάρεστιν.
1489 2043 1579 2111 ἐῶ
1624 2046 1836 2129 λέγειν
1882 2040 1974 2122 ῶς
2004 2038 2295 2127 ἀμείνων

133 2143 206 2212 τὸ
256 2151 440 2234 ηθος
483 2141 737 2228 ὁμιλῶν
782 2148 861 2232 τῇ
912 2145 1192 2233 τοιαύτῃ
1254 2150 1392 2234 θέᾳ
1450 2146 1721 2235 γενήσῃ,
1780 2138 1941 2213 ὅταν
2001 2141 2163 2234 δρᾷς
2217 2144 2293 2212 τὸ

133 2252 439 2337 θέατρον
511 2250 752 2332 μισοῦν
828 2247 949 2333 μὲν
1013 2245 1097 2315 τὰ
1164 2252 1377 2329 κακῶς
1441 2247 1822 2336 γιγνόμενα,
1898 2246 2297 2335 ἐπιδακρῦον

139 2351 207 2416 δὲ
252 2364 403 2428 τοῖς
448 2343 928 2433 ἀδικουμένοις,
971 2352 1084 2417 καὶ
1127 2343 1302 2429 ὅλως
1345 2349 1435 2416 τὰ
1465 2346 1602 2439 ἤθη
1633 2355 1764 2417 τῶν
1794 2347 2100 2434 ὁρώντων
2129 2375 2296 2417 παι-

139 2453 502 2538 δαγωγοῦν.
594 2457 698 2519 73.
741 2450 779 2518 ὃ
812 2451 886 2517 δέ
915 2449 1062 2518 ἐστι
1087 2452 1383 2535 μάλιστα
1415 2452 1532 2519 ἐπὶ
1561 2457 1694 2520 τῶν
1726 2447 2063 2541 ὀρχηστῶν
2095 2451 2296 2520 ἐπαι-
2328 2465 2398 2522 78

140 2560 347 2635 νέσαι,
395 2557 592 2621 τοῦτο
635 2550 759 2642 ἤδη
809 2552 971 2639 ἐρῶ·
1016 2553 1092 2622 τὸ
1140 2553 1267 2640 γὰρ
1313 2554 1498 2637 ἰσχύν
1542 2580 1617 2622 τε
1662 2548 1800 2639 ἅμα
1829 2558 1940 2622 καὶ
1968 2551 2296 2643 ῦγρότητα

138 2660 271 2723 τῶν.
313 2657 535 2740 μελῶν
581 2653 999 2742 ἐπιτηδεύειν
1043 2651 1300 2740 ὁμοίως
1343 2656 1730 2743 παράδοξον
1768 2653 1942 2725 εἶναί
1968 2682 2089 2741 μοι
2117 2656 2298 2724 δοκεῖ

54 2753 250 2836 ὓοθῶς
288 2758 354 2823 εἴ
393 2781 498 2835 τις
556 2755 624 2824 ἐν
679 2759 777 2842 τῷ
834 2749 1015 2843 αύτῷ
1068 2759 1179 2824 καὶ
1220 2754 1624 2842 εΙτῑρακλέους
1679 2756 1755 2824 τὸ
1814 2755 2129 2842 καρτερὸν
2182 2761 2296 2825 καὶ

132 2852 543 2947 Ἀφροδίτης
586 2856 663 2924 τὸ
713 2853 922 2943 ἀβρὸν
967 2857 1276 2925 δεικνύοι.

315 2965 415 3026 74.
454 2953 720 3027 Ἐθέλω
767 2958 838 3025 δὲ
880 2954 1010 3045 ἤδη,
1050 2962 1162 3026 καὶ
1193 2955 1551 3038 ὑποδεῖξαί
1581 2981 1691 3026 σοι
1721 2963 1816 3046 τῶ
1847 2959 2021 3047 λόγῳ
2052 2956 2294 3027 ὁποῖον
2320 2980 2391 3035 '24

138 3060 260 3151 χρὴ
309 3058 483 3128 εἶναι
524 3060 654 3127 τὸν·
690 3055 964 3147 ἄριστον
1006 3053 1330 3149 ὀρχηστὴν
1376 3061 1445 3128 ἕν
1488 3086 1562 3128 τε
1616 3065 1800 3146 ψυχῇ
1853 3066 1964 3129 καὶ
2010 3062 2293 3146 σώματι.

144 3169 363 3230 καίτοι
406 3165 572 3248 περὶ
613 3165 734 3252 τῆς,
773 3162 894 3246 μὲν
938 3166 1156 3251 ψυχῆς
1195 3176 1528 3251 προεῖπον
1556 3161 1642 3230 τὰ
1674 3165 1995 3231 πλεῖστα·
2039 3188 2294 3250 μνημο-

148 3263 326 3331 νικόν
366 3289 441 3330 τε
483 3262 610 3350 γὰρ
652 3266 763 3330 καὶ
809 3256 1023 3351 εὖφυᾶ
1069 3266 1178 3331 καὶ
1241 3263 1505 3343 ξυνετὸν
1560 3268 1674 3332 καὶ
1731 3259 1884 3344 ὀξὺν
1939 3263 2297 3351 ἐπινοῆσαι

148 3370 261 3433 καὶ
301 3369 537 3452 καιροῦ
579 3365 880 3450 μάλιστα
920 3365 1337 3449 ἐστοχάσθαι
1379 3369 1555 3456 φημὶ
1603 3367 1739 3434 δεῖν
1787 3360 2020 3448 αὐτόν,
2078 3366 2179 3433 ἔτι
2222 3366 2294 3433 δὲ

149 3470 262 3534 καὶ
299 3466 591 3555 κριτικόν
632 3491 710 3532 τε
752 3466 1152 3555 ποιημάτων
1196 3469 1307 3534 καὶ
1353 3461 1674 3557 ᾀσμάτων
1724 3471 1835 3536 καὶ
1889 3470 2106 3553 μελῶν
2162 3471 2295 3535 τῶν

153 3562 438 3652 ἀρίστων
471 3568 950 3654 διαγνωστικὸν
980 3572 1091 3635 καὶ
1121 3572 1253 3635 τῶν
1278 3573 1490 3648 κακῶς
1514 3575 1987 3658 πεποιημένων
2012 3569 2294 3656 ἐλεγκτι-

153 3668 285 3737 κόν.
368 3677 470 3737 75.
514 3668 592 3737 τὸ
642 3669 716 3736 δὲ
763 3673 958 3754 σῶμα
1000 3669 1167 3736 κατὰ
1214 3668 1333 3737 τὸν
1374 3672 1829 3738 Πολυκλείτου
1880 3672 2125 3738 κανόνα
2168 3667 2292 3761 ἤδη
2324 3689 2394 3745 75

159 3769 509 3850 ἐπιδείξειν
566 3797 687 3856 μοι
746 3771 945 3838 δοκῶ·
1003 3770 1170 3860 μήτε
1226 3770 1356 3859 γὰρ
1416 3769 1677 3861 ῦψηλὸς
1738 3768 1902 3860 ἄγαν
1962 3773 2130 3840 ἔστω
2186 3777 2297 3839 καὶ

160 3878 327 3959 πέρα
367 3877 483 3940 τοῦ
525 3879 799 3960 μετρίου
854 3871 1180 3961 ἐπιμήκης
1236 3873 1403 3963 μήτε
1457 3874 1777 3952 ταπεινὸς
1834 3877 1943 3941 καὶ
2005 3873 2298 3960 νανώδης

159 3972 276 4061 τὴν
318 3975 543 4063 φύσιν,
605 3968 759 4041 ἀλλ’
810 3974 1131 4060 ἔμμετρος
1178 3968 1495 4062 ἀκριβῶς,
1555 3972 1707 4042 οὔτε
1750 3976 2168 4061 πολύσαρκος
2210 4012 2294 4024 --

549 4092 558 4097 ’
1889 4079 1993 4129 10*
