2800 4500
457 262 579 322 302

1195 267 1574 321 ADNOTATIO
1613 269 1879 322 CRITICA.

671 441 849 502 diunt
880 458 1186 517 perquam
1221 446 1510 505 molestae
1536 446 1769 505 suntin
1799 451 2120 519 utramque
2151 442 2444 520 partem“
2484 445 2525 504 i.
2559 462 2614 505 e.

680 544 807 602 sive
855 544 1011 619 quod
1052 547 1270 605 nimiae
1314 549 1452 605 sunt
1479 547 1607 606 sive
1653 545 1811 621 quod
1852 550 1990 607 sunt
2030 548 2201 606 nimis
2245 565 2482 623 parcae.
2527 579 2615 590 —

671 641 752 724 ἢν
793 641 877 726 μὴ
923 697 936 710 .
973 696 986 709 .
1022 698 1036 712 .
1089 648 1393 727 ἐπινοῇς
1433 645 1452 729 ΙΙ
1494 643 1902 728 ἐπινοήσῃς
1947 648 2110 710 det.
2159 668 2235 711 ex
2280 651 2614 730 ἐπινοῆσαι

672 748 802 808 cod.
833 749 1028 813 Harl.
1072 784 1154 794 -
1200 747 1375 814 πάνυ
1408 746 1774 814 ἀλλόκοτον
1821 748 2052 832 σκευὴν
2098 746 2620 832 ἐσκευασμένονΙ

667 845 843 913 πάνυ
867 848 1005 914 ἀλλ.
1035 867 1128 916 σκ.
1169 849 1561 934 ἑκάτερον
1584 854 1731 930 (Fr.)
1764 854 2393 930 ἐνεσκευσασμένον.
2422 851 2498 922 Ἡ.
2528 886 2615 897 -

670 948 872 1016 αὐτὸν
926 957 991 1017 δὲ
1049 956 1117 1017 ἐν
1169 962 1487 1039 κροκωτῷ
1541 961 1648 1018 καὶ
1702 960 2054 1037 πορφυρίδι
2110 957 2245 1036 ἔρια
2303 960 2619 1033 ξαίνοντα

670 1060 777 1117 καὶ
817 1052 1172 1132 παιόμενον
1228 1053 1356 1120 ὑπὸ
1412 1064 1521 1137 τῆς
1568 1054 1875 1138 Ὀμφάλης
1918 1065 2012 1142 τῷ
2057 1061 2416 1143 σανδαλίῳ,
2476 1062 2617 1121 καὶ

667 1152 759 1220 τὸ
800 1159 1008 1233 θέαμα
1038 1160 1384 1238 αἴσχιστον,
1433 1158 1856 1238 ἀφεστῶσα
1899 1158 1936 1241 ἣ
1983 1156 2222 1240 ἐσθὴς
2267 1167 2413 1224 τοῦ
2458 1156 2621 1223 σω’-

666 1282 913 1336 ματος
971 1267 1093 1324 καὶ
1143 1257 1239 1343 μὴ
1284 1260 1898 1343 προσιζάνουσα
1955 1268 2083 1325 καὶ
2137 1270 2260 1327 τοῦ
2316 1270 2478 1328 θεοῦ
2535 1260 2605 1327 τὲ

669 1358 990 1441 ἀνδρῶδες
1055 1361 1436 1445 ἀσχημόνως
1507 1361 2123 1446 καταθηλυνόμενον
2185 1360 2206 1446 fl
2270 1362 2471 1429 αὐτὸν
2544 1370 2617 1429 δὲ

770 1514 783 1527 .
818 1515 832 1528 .
883 1462 1238 1541 παιόμενον
1282 1474 1376 1551 τῶ
1422 1471 1765 1551 σανδαλίῳ,
1814 1469 1966 1543 [καὶ
2009 1463 2121 1543 τὸ]
2164 1470 2375 1543 θέαμα
2417 1467 2623 1547 αἴσχι-

672 1586 859 1644 στον,
917 1565 1365 1645 [ἀφεστῶσα
1420 1620 1434 1633 .
1482 1620 1495 1633 .
1545 1620 1557 1633 .
1623 1566 2225 1649 προσιζάνουσα
2278 1572 2431 1645 καὶ]
2489 1577 2620 1634 τοῦ

667 1674 830 1731 θεοῦ
859 1665 935 1731 τὸ
966 1666 1286 1751 ἀνδρῶδες
1330 1665 1710 1752 ἀσχημόνως
1744 1668 2378 1752 καταθηλυνόμενον.
2440 1671 2617 1732 det.

670 1771 808 1831 Non
870 1790 1111 1848 possum
1174 1774 1457 1835 inducere
1536 1776 1787 1833 animum
1803 1820 1816 1845 ,
1895 1775 2221 1834 Lucianum
2295 1779 2621 1851 postquam

670 1875 874 1948 paullo
917 1879 1052 1935 ante
1094 1878 1279 1936 illusit
1318 1877 1659 1937 indecoram
1700 1878 1975 1938 Herculis
2018 1881 2245 1937 vestem
2288 1877 2382 1952 (ἐν
2424 1900 2615 1957 κροκ.

670 1980 777 2037 καὶ
835 1977 1101 2056 πορφε),
1158 1980 1274 2038 iam
1329 1979 1523 2039 redire
1582 1979 1659 2038 ad
1717 1997 1848 2039 eam
1904 1979 2385 2056 vituperandam,
2448 1980 2618 2055 quod

670 2080 841 2139 nimis
886 2079 1062 2140 distet
1104 2098 1140 2138 a
1184 2099 1435 2157 corpore
1478 2099 1804 2158 parumque
1849 2083 1926 2142 sit
1967 2083 2023 2141 ei
2067 2082 2385 2159 applicata,
2429 2081 2618 2157 idque

667 2183 1063 2258 turpissimum
1124 2184 1433 2261 appellare
1491 2185 1911 2262 spectaculum.
1999 2184 2182 2244 Immo
2235 2187 2408 2260 turpe
2461 2184 2617 2243 illud

667 2287 1071 2360 spectaculum
1099 2288 1289 2347 solum
1319 2288 1435 2348 hoc
1467 2292 1586 2348 est:
1631 2296 1708 2368 τῇ
1741 2285 1906 2365 Ὀμφ.
1942 2282 2356 2364 δουλεύοντα,
2405 2283 2615 2350 αὐτὸν

667 2387 737 2449 ἐν
782 2410 877 2467 κρ.
912 2412 967 2452 κ.
1003 2412 1199 2470 πορφ.
1250 2390 1387 2470 ἔρια
1434 2394 1738 2467 ξαίνοντα
1784 2394 1891 2453 καὶ
1934 2384 2288 2464 παιόμενον
2333 2384 2468 2451 ὑπὸ
2499 2394 2617 2473 τῆς

673 2485 834 2566 Όμφ.
886 2494 1084 2569 σανδ.,
1131 2490 1344 2566 quibus
1388 2491 1566 2551 rebus
1596 2492 1712 2552 Dei
1756 2493 2027 2551 virtutem
2071 2489 2348 2550 indecore
2392 2489 2615 2550 effemi-

669 2593 798 2651 nari
842 2592 1000 2653 dicit.
1075 2593 1169 2653 De
1212 2596 1523 2671 structura,
1570 2610 1690 2669 qua
1731 2594 1900 2652 omisi
1944 2596 2050 2654 καὶ
2094 2586 2157 2653 τὶ
2217 2594 2352 2650 ante
2399 2592 2614 2665 θέαμα

671 2697 731 2753 et
759 2699 865 2755 καὶ
896 2698 1031 2755 ante
1061 2702 1183 2758 τοῦ
1224 2702 1389 2759 θεοῦ
1435 2694 1513 2755 cf.
1542 2696 1680 2757 Ver.
1725 2694 1863 2754 hist.
1893 2694 1922 2752 Ι
1953 2712 2005 2753 c.
2044 2697 2117 2754 18
2162 2698 2271 2755 καὶ
2316 2688 2390 2773 δὴ
2438 2694 2617 2770 ἐφαί-

668 2817 866 2859 νοντο
921 2794 1330 2876 προσιόντες,
1389 2801 1598 2874 θέαμα
1654 2792 2217 2876 παραδοξότατον,
2279 2795 2346 2872 ἐξ
2391 2798 2616 2858 ἵππων

669 2904 1019 2977 πτερωτῶν
1062 2905 1169 2962 καὶ
1212 2896 1588 2979 ἀνθρώπων
1633 2904 2046 2978 συγκείμενοι.

455 3020 510 3063 c.
542 3004 637 3062 12.
670 2995 884 3079 ὥσπερ
915 2997 1403 3081 Ἀριστόβουλος
1432 3008 1833 3081 μονομαχίαν
1857 2996 2160 3081 γράψας
2194 2995 2615 3078 Ἀλεξάνδρου

668 3107 776 3166 καὶ
819 3098 1061 3183 Πώρου
1106 3109 1211 3166 καὶ
1258 3101 1660 3182 ἀναγνόντος
1703 3100 1879 3186 αὐτῷ
1921 3109 2167 3165 τοῦτο
2210 3095 2489 3176 μάλιστα
2532 3123 2614 3163 το

662 3212 911 3286 χωρίον
956 3213 1068 3284 τῆς
1113 3214 1360 3287 γραφῆς
1406 3202 1678 3282 λαβὼν
1725 3206 2038 3279 ἐκεῖνος
2081 3199 2158 3266 τὸ
2186 3207 2448 3278 βιβλίον
2492 3252 2506 3265 .
2538 3252 2553 3265 .
2590 3252 2608 3266 .

668 3310 928 3390 ἔρριψεν
972 3310 1075 3372 ἐπὶ
1118 3305 1403 3388 κεφαλὴν
1434 3309 1497 3384 ἐς
1526 3305 1601 3372 τὸ
1632 3304 1809 3388 ὕδωρ
1843 3303 1865 3388 ΙΙ
1896 3308 2033 3367 Νοιι
2075 3306 2202 3365 sine
2247 3304 2616 3364 dubitatione

671 3413 989 3473 violentam
1017 3413 1173 3471 hanc
1201 3411 1467 3487 Madvigi
1498 3410 1981 3487 emendationem,
2028 3409 2279 3468 certiora
2310 3411 2370 3468 et
2399 3410 2615 3482 optans

674 3519 733 3574 et
759 3531 1027 3593 sperans,
1075 3516 1381 3591 amplexus
1419 3531 1578 3574 sum:
1626 3509 1838 3592 ὥσπερ
1884 3510 2293 3590 Ἀλέξανδρος
2341 3506 2616 3589 Ἀριστο-

670 3611 983 3692 βου’λου
1038 3623 1442 3696 μονομαχίαν
1499 3612 1972 3696 γράψαντος
2036 3611 2148 3676 Ἄλ.
2212 3616 2322 3674 καὶ
2367 3604 2614 3688 Πώρου

668 3725 775 3782 καὶ
819 3715 1219 3798 ἀναγνόντος
1264 3717 1444 3804 αὐτῷ
1487 3725 1880 3782 τοιοῦτον
1924 3707 2200 3792 μάλιστά
2244 3738 2319 3776 τι
2356 3716 2615 3793 χωρίον

667 3829 780 3902 τῆς
836 3829 1083 3903 γραφῆς
1126 3855 1208 3865 -
1257 3818 1421 3905 ᾠέτο
1477 3815 1598 3901 γὰρ
1649 3825 2009 3900 χαριεῖσθαι
2053 3868 2066 3881 .
2103 3867 2116 3880 .
2169 3813 2469 3895 ἀληθείας
2521 3847 2616 3860 -

671 3921 936 4000 λαβὼν
983 3920 1072 3986 τὸ
1113 3929 1441 3999 βιβλίον
1492 3957 1562 3966 -
1612 3923 1870 4003 ἔρριψεν
1902 3922 2005 3984 ἐπὶ
2035 3942 2170 3997 κεφ.
2208 3918 2271 3993 ἐς
2302 3913 2378 3980 τὸ
2407 3911 2611 3997 ὕδωρ.

668 4026 854 4085 Vetus
897 4026 1017 4085 hoc
1063 4043 1194 4086 esse
1237 4026 1452 4084 vulnus
1499 4043 1572 4085 ex
1602 4042 1673 4085 eo
1705 4027 1981 4103 cernitur,
2028 4009 2188 4099 q‘uod
2231 4015 2441 4099 ὥσπερ
2483 4067 2497 4081 .
2535 4066 2557 4083 .
2591 4067 2612 4086 .
