2800 4500
560 277 878 339 QUOMODO
914 277 1216 331 HISTORIA
1253 276 1354 330 sn·
1391 276 1899 330 CONSCRIBENDA.
2176 274 2299 334 303

363 447 618 529 γράψας
661 451 875 511 desunt
917 454 1152 512 omnino
1180 453 1242 511 in
1271 447 1412 525 ᾙΓ,
1456 451 1663 511 Harl.
1707 451 1957 527 margini
2000 450 2299 526 adscripta

362 557 530 630 sunt,
590 555 766 614 etiam
824 553 1141 629 ἐκεῖνος
1198 555 1475 614 omissum
1526 557 1617 614 est
1656 555 1718 613 in
1767 553 1937 613 bonis
1994 551 2297 613 codicibus

364 653 429 712 Γ
457 655 591 714 Pal.
636 655 814 715 Harl.
867 688 950 699 —
1006 660 1113 718 καὶ
1156 656 1509 732 ἐλέφαντας
1563 655 1681 718 ἑνὶ
1739 652 2020 738 α’κοντίῳ
2064 649 2298 732 φονεύ-

371 779 547 820 οντα.
643 755 788 817 Cnm
824 757 1051 818 Reitaio
1094 774 1397 817 numerum
1441 761 1579 833 post
1610 757 1961 834 ἐλέφαντας
2006 755 2300 817 excidisse

366 863 529 934 puto.
606 857 832 932 Quodsi
859 861 888 922 έ
917 859 980 918 id
1010 863 1102 919 est
1134 862 1321 922 πέντε
1364 859 1680 936 legendnm
1720 876 1852 920 esse
1895 859 2142 936 conicio,
2185 858 2302 917 hoc

364 961 474 1020 etsi
505 959 685 1021 facile
709 962 843 1037 quis
873 962 1050 1020 animi
1071 965 1293 1021 tantum
1323 979 1506 1021 causa
1532 959 1752 1021 factum
1782 977 1916 1021 esse
1944 962 2297 1038 suspicetur,

361 1065 558 1123 tamen
603 1081 720 1139 quo
762 1065 953 1140 magis
982 1081 1081 1124 res
1111 1067 1362 1141 augetur
1406 1082 1477 1124 eo
1506 1065 1750 1140 propius
1778 1064 1842 1123 id
1870 1063 1945 1123 ab
1974 1062 2298 1122 Aristobnli

363 1164 798 1225 adulationibus
841 1166 1057 1226 abesse
1102 1166 1411 1227 concedet.

318 1311 332 1327 .
361 1269 417 1328 εἰ
441 1268 507 1330 δέ
537 1290 634 1343 τις
662 1263 925 1343 πάντως
952 1263 1030 1332 τὸ
1066 1263 1346 1348 τερπνὸν
1390 1264 1630 1349 ἡγεῖται
1674 1274 2134 1347 καταμεμῖχθαι
2163 1270 2295 1329 δεῖν

361 1374 439 1447 τῇ
481 1370 730 1451 ἱστορίᾳ
775 1365 1014 1449 πάσῃ,
1061 1365 1262 1433 α’λλὰ
1306 1365 1347 1434 ἃ
1378 1368 1501 1432 σὺν
1544 1367 1812 1450 ἀληθείᾳ
1839 1365 2083 1449 τερπνά
2126 1369 2297 1432 ἐστιν

362 1469 429 1531 ἐν
472 1483 613 1545 τοῖς
657 1467 882 1546 ἄλλοις
938 1467 1197 1534 κάλλεσι
1247 1478 1367 1534 τοῦ
1423 1467 1625 1549 λόγου
1659 1465 1682 1551 ΙΙ
1715 1474 1772 1533 εἰ
1812 1473 1877 1534 δέ
1918 1494 2014 1547 τις
2056 1521 2070 1535 .
2105 1521 2119 1534 .
2155 1522 2169 1535 .
2220 1465 2298 1533 τὸ

361 1568 642 1652 τερπνὸν
683 1569 926 1652 ἡγεῖται
981 1580 1447 1653 καταμεμῖχθαι
1492 1577 1624 1637 δεῖν
1668 1579 1747 1652 τῇ
1791 1575 2041 1655 ἱστορίᾳ
2086 1568 2185 1636 πό
2204 1589 2298 1635 σα

361 1669 567 1737 ἄλλα
612 1671 732 1738 σὺν
762 1672 858 1739 α’λ.
898 1671 1003 1736 ‘Si
1046 1677 1183 1750 quis
1224 1678 1531 1737 exanimat
1573 1676 1886 1737 historiam
1927 1692 2062 1737 eum
2106 1670 2300 1737 delec-

361 1778 591 1837 tatione
634 1794 762 1839 esse
802 1779 1188 1840 coniunctam
1231 1785 1550 1853 oportere,
1603 1786 1751 1852 quot
1792 1779 1957 1838 aliae
1995 1786 2140 1840 sunt
2178 1795 2298 1851 res,

362 1894 522 1952 quae
571 1880 752 1940 simul
803 1887 866 1941 et
918 1896 1100 1941 verae
1140 1882 1265 1942 sint
1305 1886 1366 1940 et
1418 1876 1782 1941 delectent.·'
1839 1875 1984 1953 (σὺν
2029 1876 2298 1961 ἀληθείᾳ

359 1976 603 2060 τερπνά
660 1980 855 2056 ἐστιν)
899 1981 1158 2058 Madvig.
1244 1982 1550 2057 Persaepe
1608 1981 1723 2041 hoc
1775 1982 2298 2057 interrogationum

359 2099 582 2158 genere
638 2084 816 2143 utitur
858 2084 1155 2143 Lucianus
1209 2083 1395 2144 veluti
1438 2101 1490 2145 c.
1524 2086 1602 2143 28
1662 2088 1873 2146 καίτοι
1917 2079 2087 2145 πόσα
2131 2079 2298 2146 ἄλλα

358 2191 588 2269 μακρῷ
636 2180 1102 2266 α’ναγκαιότερα
1146 2182 1311 2249 ἑκὼν
1356 2192 1482 2249 νῦν
1525 2191 1793 2266 παρίημι
1838 2190 1897 2246 et
1950 2187 2294 2247 sescenties,

360 2286 437 2347 cf.
466 2288 873 2363 Tyrannicida
916 2306 969 2349 c.
1001 2292 1056 2349 3.
1100 2288 1307 2349 Rohde
1351 2289 1480 2348 vult
1524 2295 1733 2351 πᾶσα
1777 2285 2032 2352 α’δεία·
2074 2284 2195 2351 σὺν
2226 2285 2296 2350 δ’

354 2386 637 2470 ἀληθείᾳ.
672 2440 686 2453 .
721 2440 735 2453 .
799 2387 863 2451 O.
895 2390 964 2449 F.
995 2390 1298 2451 Hermann
1341 2385 1553 2470 πάρα
1584 2406 1698 2454 σοι
1730 2387 1896 2453 ἄλλα
1925 2398 2299 2466 ,suppetunt

354 2494 481 2552 alia
494 2537 514 2563 ,
569 2493 625 2551 si
668 2493 805 2565 quis
847 2494 1087 2553 omnino
1149 2490 1494 2553 arbitratur
1535 2494 1807 2554 iucunda
1850 2494 2146 2554 historiae
2189 2494 2296 2553 ad·

352 2594 594 2655 misceri
635 2598 978 2668 oportere&

309 2735 324 2752 .
354 2699 496 2775 περὶ
527 2689 697 2758 πόδα
725 2701 813 2774 τῇ
859 2697 1196 2777 ἱστορίᾳ.
1267 2696 1426 2755 Male
1463 2697 1636 2755 etiam
1666 2695 1944 2756 meliores
1988 2696 2224 2757 codices
2256 2709 2294 2777 ὴ

355 2798 603 2878 ἱστορία
645 2795 775 2866 ΉΓ
819 2797 993 2857 Harl.
1049 2830 1134 2841 —-
1191 2794 1350 2876 ὑπὲρ
1395 2795 1649 2861 αὐτοῦ
1679 2793 1703 2879 ΙΙ
1736 2794 1982 2861 αὑτοῦ
2025 2797 2164 2859 Ddf.
2212 2833 2296 2845 —

352 2898 552 2977 αἴρειν
585 2894 609 2979 ΙΙ
641 2896 821 2978 α’ρεῖν
866 2898 1006 2961 Ddf.

310 3041 324 3057 ·
352 3008 588 3080 Πομπη
606 3013 679 3064 ΐο
697 3006 1008 3081 υπολίτης
1039 2996 1064 3082 fl
1093 3008 1326 3081 Πομπη
1344 3013 1416 3064 ϊο
1431 3006 1701 3081 πολίτης
1747 2998 1890 3063 Oob.
1954 3033 2026 3044 —
2088 2998 2292 3064 αὐτὸν

353 3098 593 3184 ῥήτορα
624 3098 1194 3183 παραστησάμενος
1220 3098 1241 3184 Ι
1269 3098 1450 3185 αὑτῷ
1472 3102 1717 3179 Madvig
1744 3135 1827 3145 —
1860 3097 1918 3165 ὥ
1931 3119 2059 3165 στε
2089 3108 2196 3166 καὶ
2227 3104 2291 3179 ἐς

351 3205 686 3283 Αἴγυπτον
708 3206 940 3284 κατέβη
959 3199 980 3285 Ι
1002 3199 1059 3267 o‘z'
1072 3221 1201 3267 στε
1222 3205 1284 3263 in
1307 3203 1563 3265 editione
1585 3222 1718 3264 mea
1739 3222 1915 3264 cruce
1939 3204 2292 3280 signandum

353 3311 509 3385 erat3
540 3325 736 3382 neque
762 3308 914 3366 enim
937 3307 1052 3367 hoc
1083 3301 1293 3382 (ὥστε)
1321 3308 1464 3366 satis
1485 3307 1704 3384 placet,
1735 3324 1929 3382 neque
1953 3325 2128 3383 qnam
2152 3308 2291 3367 olim

350 3410 771 3486 adoptaveram
802 3408 1024 3486 Sauppi
1058 3411 1395 3469 coniectura
1425 3409 1627 3487 εἶτα,
1673 3426 1868 3484 neque
1897 3410 2158 3469 Fritzchi
2188 3432 2292 3487 ως

350 3507 546 3576 τότε.
584 3545 666 3555 -
696 3508 787 3575 τὰ
811 3509 1065 3575 αὐτοῦ
1095 3505 1570 3594 έκείνουΙτὰ
1602 3508 1802 3575 αὐτὰ
1833 3513 2111 3598 ἐκείνῳ
2146 3511 2290 3575 Oob.

348 3598 431 3659 —'
459 3619 568 3678 καὶ
605 3610 726 3694 γὰρ
758 3608 841 3677 αὖ
871 3620 979 3678 καὶ
1021 3621 1219 3678 τοῦτο
1265 3661 1283 3678 .
1313 3665 1327 3678 .
1362 3665 1376 3679 .
1427 3616 1788 3694 παρέλιπον
1821 3611 1844 3692 ΙΙ
1873 3615 2088 3675 Totum
2133 3613 2291 3675 hunc

351 3716 560 3794 locum,
586 3734 761 3792 quem
784 3733 957 3776 nemo
969 3716 1276 3793 hucusque
1300 3716 1624 3794 expedivit,
1647 3717 1975 3777 Fritzchius
1987 3719 2075 3777 sic
2092 3735 2288 3777 emen·

353 3816 523 3878 dasse
567 3818 684 3878 sibi
725 3819 890 3878 visus
934 3822 1057 3879 est:
1103 3823 1209 3881 καὶ
1238 3814 1359 3898 γὰρ
1388 3824 1496 3880 καὶ
1526 3824 1726 3882 τοῦτο
1773 3819 2064 3895 ἐπιεικῶς
2109 3816 2280 3883 πολὺ

352 3927 472 3984 νῦν
517 3923 669 3991 ἐστι,
713 3916 791 3983 τὸ
835 3921 1084 3985 οἴεσθαι
1114 3918 1306 3985 τοῦτ’
1351 3921 1517 3984 εἶναι
1548 3934 1688 3998 τοῖς
1725 3925 2126 3986 Θουκυδίδου
2166 3922 2289 3986 ἐοι-

353 4017 508 4085 κότα
538 4025 765 4102 λέγειν,
810 4027 867 4085 εἰ
892 4020 1115 4101 ὀλίγον
1146 4023 1455 4103 ἐντρέψας
1483 4019 1563 4086 τὰ
1594 4021 1802 4087 αὐτοῦ
1832 4024 2080 4088 ἐκείνου
2111 4025 2288 4102 λέγοι
