2800 4500
822 228 1127 284 Afflssorz
1159 229 1457 283 ΙΣΤΟΡΙΑΣ
1492 231 1550 284 Α.
2184 230 2265 289 43

129 400 195 468 δὲ
255 399 764 487 Καρκινόχειρες
826 402 937 466 καὶ
1010 402 1508 487 Θυννοκέφαλοι
1576 405 1952 485 συμμαχίαν
2018 425 2093 467 τε
2155 404 2264 469 καὶ

128 505 349 590 φιλίαν
396 501 574 589 πρὸς
618 501 891 581 ἑαυτοὺς
936 507 1418 591 πεποιημένοι·
1464 501 1583 592 τήν
1629 503 1701 569 δὲ
1750 503 2117 589 μεσόγαιαν
2162 510 2269 571 νέ-

125 630 352 688 μονται
401 605 829 692 Παγουρίδαι
879 607 989 671 καὶ
1043 604 1507 693 Ψηττόποδες,
1564 609 1752 690 γένος
1808 605 2099 690 μάχιμον
2154 609 2264 673 καὶ

124 706 636 792 δρομικώτατον·
674 705 757 773 τὰ
790 706 926 793 ἑῴα
958 708 1029 773 δὲ
1057 705 1142 773 τὰ
1174 705 1348 793 πρὸς
1380 701 1570 793 αὐτῷ’
1591 711 1686 794 τῷ
1719 708 2004 793 στόματι
2032 706 2117 775 τὰ
2148 710 2269 793 μὲν

123 808 337 876 πολλὰ
385 804 603 897 ἔρημά
648 808 791 876 ἐστι
833 809 1379 897 προσκλυζόμενα
1423 813 1505 898 τῇ
1550 810 1878 898 θαλάττῃ.
1966 804 2150 896 ὅμως
2196 811 2269 877 δὲ

125 911 238 997 ἐγὼ
282 915 504 978 ταῦτα
546 912 671 995 ἔχω
718 912 929 999 φόρον
972 925 1115 990 τοῖς
1154 912 1585 1000 Ψηττόποσιν
1618 907 1957 982 ὖποτελῶν
1989 912 2267 980 ἑκάστου

126 1014 304 1091 ἔτους
331 1010 612 1102 ὄστρεια
643 1013 1072 1081 πεντακόσια.
1164 1018 1264 1082 36.
1309 1014 1584 1102 τοιαύτη
1614 1015 1736 1099 μὲν
1765 1010 1803 1100 ἡ
1831 1014 2017 1102 χώρα
2048 1015 2260 1083 ἐστίν·
2280 1025 2357 1081 86

124 1118 289 1203 ἡμᾶς
313 1117 388 1183 δὲ
408 1115 533 1205 χρὴ
558 1112 721 1199 ὁρᾶν
745 1110 936 1195 ὅπως
969 1116 1399 1205 δυνησόμεθα
1437 1117 1786 1196 τοσούτοις
1810 1117 2040 1185 ἔθνεσι
2076 1118 2269 1202 μάχε-

45 1230 110 1283 ιοο
126 1225 288 1287 σθαι
316 1222 430 1286 καὶ
458 1212 649 1298 ὅπως
674 1219 1173 1304 βιοτεύσομεν.“
1215 1218 1484 1301 ,,Πόσοι
1509 1220 1642 1301 δέ“,
1676 1220 1842 1308 ἔφην
1874 1218 2022 1307 ἐγώ,
2052 1220 2269 1301 ,,πάν-

124 1347 225 1400 τες
253 1316 448 1390 οὗτοί
480 1320 702 1399 εἷσι“;
736 1373 775 1403 ,,
758 1323 1140 1404 ,Πλείους“,
1173 1320 1372 1410 ἔφη,,
1380 1325 1533 1397 ,τῶν
1556 1324 1858 1405 χιλίων.“
1913 1315 2167 1403 ,,(Όπλα
2199 1323 2271 1389 δὲ

126 1431 266 1491 τίνα
297 1422 486 1490 ἐστὶν
518 1416 787 1502 αὖτοῖς“
800 1453 823 1507 ‚-
862 1475 901 1504 „
884 1416 1189 1505 ,Obde‘v‘ss
1233 1422 1384 1511 ἔφ·,η
1431 1423 1648 1510 ,,πλὴν
1678 1422 1762 1490 τὰ
1794 1418 1963 1491 οστᾶ
2008 1428 2139 1492 τῶν
2174 1425 2272 1507 ἰχ-

127 1526 372 1594 θύων“.
420 1519 773 1608 ,,Ούκοῦν“
773 1525 991 1614 ,ἔφην
1022 1525 1217 1611 zm„
1220 1520 1456 1611 ,αριστ’
1498 1551 1578 1592 αν
1609 1526 1747 1609 ἔχοι
1778 1524 1891 1593 διὰ
1920 1526 2134 1612 μάχης
2166 1525 2270 1592 ἕλ-

129 1635 270 1695 θεῖν
306 1623 542 1706 αὐτοῖς
576 1621 692 1694 α’τε
725 1621 1053 1706 ἀνόπλοις
1085 1650 1272 1696 ουσιν
1307 1625 1547 1706 αὐτούς
1574 1652 1647 1714 γε
1678 1623 2024 1712 ὦπλισμέν
2030 1647 2173 1707 ους’
2213 1628 2273 1695 εἰ

126 1730 241 1816 γὰρ
268 1730 692 1818 κρατήσομεν
727 1724 962 1810 αὐτῶν,
1010 1730 1224 1806 α’δειῦς
1251 1728 1369 1797 τὸν
1403 1728 1645 1796 λοιπὸν
1674 1736 1826 1814 βίον
1859 1730 2272 1819 οἰκήσομεν“.

131 1831 302 1912 ἔδοξε
348 1836 588 1913 ταῦτα,
633 1834 741 1899 καὶ
790 1825 1212 1910 ἀπελθόντες
1257 1829 1373 1899 ἐπὶ
1419 1836 1578 1899 ναῦν
1609 1833 2271 1918 παρεσκευαζόμεθα.

132 1934 304 2002 αἰτία
352 1935 431 2002 δὲ
477 1938 595 2002 τοῦ
641 1936 938 2019 πολέμου
984 1935 1252 2018 ἔμελλεν
1297 1934 1580 2002 ἔσεσθαι
1625 1939 1744 2002 τοῦ
1802 1936 2015 2024 φόρου
2072 1934 2112 2025 ἡ
2161 1930 2276 2004 οὒκ

130 2030 476 2119 ἀπόδοσις,
521 2032 645 2125 ἤδη
690 2041 808 2122 τῆς
851 2043 1283 2124 προθεσμίας
1319 2034 1705 2125 ἐνεστώσης.
1791 2041 1901 2105 καὶ
1936 2037 2013 2128 δὴ
2046 2040 2110 2106 οἱ
2155 2042 2276 2124 μὲν

133 2139 433 2224 ἔπεμπον
503 2133 943 2217 ἀπαιτοῦντες
1013 2138 1129 2206 τὸν
1196 2138 1483 2222 δασμόν·
1559 2135 1594 2206 0‘
1672 2139 1743 2205 δὲ
1808 2136 2276 2227 ὑπεροπτικῶς

133 2236 659 2330 ἀποκρινάμενος
703 2235 1039 2321 ἀπεδίωξε
1082 2240 1237 2320 τοὺς
1293 2237 1622 2329 ἀγγέλους.
1712 2246 1975 2329 πρῶτοι
2033 2230 2147 2311 οὖν
2206 2246 2272 2312 οἱ

140 2347 569 2435 Ψηττόποδες
611 2348 718 2414 καὶ
784 2346 850 2413 οἳ
891 2346 1314 2431 Παγουρίδαι
1366 2347 1889 2428 χαλεπαίνοντες
1941 2351 2036 2433 τῷ
2081 2353 2271 2415 Σκιν-

132 2449 316 2537 θάρῳ
380 2487 457 2498 -
521 2452 715 2516 τοῦτο
770 2448 894 2534 γὰρ
953 2447 1249 2516 ἐκαλεῖτο
1307 2487 1391 2497 -
1433 2447 1599 2532 μετὰ
1658 2449 1915 2515 πολλοῦ
1972 2450 2273 2535 θορύβου

135 2549 439 2640 ἐπῄεσαν.
528 2556 630 2619 37.
674 2547 868 2641 ἡμεῖς
913 2552 983 2617 δὲ
1028 2550 1147 2638 τὴν
1192 2551 1441 2638 ἔφοδον
1469 2546 1968 2629 ὑποπτεύοντες
1999 2550 2269 2631 ἐξοπλι-
2288 2571 2357 2628 87

136 2655 403 2739 σάμενοι
488 2648 887 2739 ἀνεμένομεν
899 2706 917 2735 ,
993 2651 1188 2736 λόχον
1263 2651 1414 2720 τινὰ
1490 2646 1941 2737 προτάξαντες
2016 2648 2272 2740 ἀνδρῶν

139 2762 320 2825 πέντε
364 2759 478 2825 καὶ
524 2757 804 2825 εἴκοσιν·
851 2762 1213 2844 προείρητο
1260 2755 1331 2822 δὲ
1374 2768 1519 2834 τοῖς
1564 2754 1633 2822 ἐν
1675 2759 1759 2843 τῇ
1789 2754 2040 2845 ἐνέδρᾳ,
2088 2756 2272 2826 ἐπει-

141 2858 246 2925 δὰν
314 2860 520 2927 ἰ’δωσι
588 2858 1147 2947 παρεληλυθότας
1211 2856 1369 2935 τοὺς
1435 2860 1832 2941 πολεμίους,
1907 2857 2273 2927 ἐπανίστα-

140 2969 324 3029 σθαι·
388 2965 500 3030 καὶ
558 2955 769 3039 οὕτως
827 2961 1174 3048 ἐποίησαν.
1262 2958 1761 3037 ἐπαναστάντες
1814 2959 1941 3048 γὰρ
1985 2962 2273 3029 κατόπιν

140 3063 411 3132 ἔκοπτον
459 3058 716 3144 αύτούς,
759 3067 867 3129 καὶ
912 3059 1105 3150 ἡμεῖς
1151 3062 1223 3129 δὲ
1268 3065 1378 3129 καὶ
1427 3055 1617 3129 αὐτοὶ
1662 3066 1864 3129 πέντε
1906 3065 2014 3130 καὶ
2064 3063 2276 3132 ε’ίκοσι

141 3165 244 3233 τὸν
288 3162 590 3255 ἀριθμὸν
636 3161 824 3244 ὅντες
866 3202 950 3213 -
994 3166 1104 3231 καὶ
1152 3162 1278 3251 γὰρ
1325 3160 1360 3230 ὃ
1412 3169 1789 3250 Σκίνθαρος
1843 3168 1953 3233 καὶ
2013 3160 2047 3231 ὅ
2109 3178 2275 3243 παῖς

141 3262 327 3337 αὐτοῦ
387 3268 984 3355 συνεστρατεύοντο
1041 3304 1125 3315 -
1184 3261 1674 3356 ὑπηντιάζομεν
1728 3268 1839 3332 καὶ
1909 3265 2274 3351 συμμίξαν-

142 3395 235 3450 τες
287 3376 491 3459 θυμῴ
546 3375 659 3439 καὶ
715 3370 903 3459 ριιῖμῃ
965 3369 1550 3454 διεκινδυνεύομεν.
1642 3370 1831 3446 τέλος
1891 3369 1962 3435 δὲ
2018 3368 2275 3457 τροπὴν

147 3467 342 3541 αὐτῶν
398 3473 853 3563 ποιησάμενοι
910 3471 1402 3555 κατεδιώξαμεν
1463 3466 1613 3559 ἄχρι
1669 3469 1844 3558 πρὸς
1909 3469 2064 3550 τοὺς
2129 3497 2277 3560 φω-

148 3574 337 3654 λεοίς.
428 3571 779 3642 ι’πέθανον
828 3574 900 3640 δὲ
943 3578 1077 3641 τῶν
1120 3574 1241 3657 μὲν
1288 3575 1634 3657 πολεμίων
1679 3571 2131 3660 ἑβδομήκοντα
2163 3579 2276 3643 καὶ

149 3675 393 3762 ἑκατόν,
449 3675 640 3767 ἡμῶν
686 3678 756 3744 δὲ
804 3676 900 3756 εἷς
945 3681 977 3743 ὁ
1040 3675 1435 3764 κυβερνήτης
1492 3677 1758 3764 τρίγλης
1814 3677 2073 3766 πλευρξ
2131 3677 2277 3744 δια-

150 3785 370 3868 παρεὶς
432 3779 508 3848 τὸ
577 3779 1012 3867 μετάφρενον.
1115 3782 1215 3846 38.
1276 3776 1526 3865 ἐκείνην
1581 3778 1701 3860 μὲν
1756 3770 1872 3844 οὖν
1936 3777 2056 3864 τῂν
2113 3781 2362 3864 med-38

154 3908 257 3969 ραν
296 3887 404 3951 καὶ
447 3882 567 3973 τὴν
615 3883 813 3949 νύκτα
859 3880 1376 3970 ἐπηυλισάμεθα
1422 3883 1505 3968 τῇ
1548 3879 1722 3967 μάχῃ
1780 3882 1890 3946 καὶ
1946 3879 2278 3965 τρόπαιον

79 3982 493 4075 101ἐστήσαμεν
539 3985 730 4075 ῥάχιν
777 3982 980 4072 ξηρὰν
1026 3984 1336 4071 δελφῖνος
1390 3977 1868 4069 ἀναπήξαντες.
1957 3985 2039 4068 τῇ
2084 3978 2276 4049 ὗστε-
