2800 4500
406 213 490 272 24
1288 213 1663 268 ΔΟΥΚΙΑΝΟΥ

409 380 1034 470 προδιοικήσασθαί
1076 407 1144 448 τι
1175 380 1241 447 ἐν
1284 385 1381 467 τεῦ
1426 388 1801 472 προοιμίῳ·
1850 382 2131 465 δυνάμει
2162 382 2235 448 δὲ
2265 384 2382 449 καὶ
2412 383 2572 450 τότε

410 489 751 570 προοιμίῳ
805 481 1122 570 χρήσεται
1176 509 1269 568 τῳ
1331 477 1805 570 ἀποσαφοῦντι
1863 487 2024 570 περὶ
2069 487 2204 550 τῶν
2263 474 2570 552 λεκτέων.

304 595 381 651 53
412 590 512 652 53.
561 581 821 652 οπόταν
868 584 939 651 δὲ
982 587 1092 650 καὶ
1141 584 1642 711 φροιμιάζηται,
1697 579 1835 653 άπὸ
1887 586 2071 654 δυοῖν
2117 585 2326 670 μόνον
2373 581 2573 671 ἄρξε-

409 714 556 768 ται,
605 679 720 768 οὗχ
765 678 994 770 ω’σπερ
1040 687 1107 752 οἱ
1151 685 1424 774 ρήτορες
1470 680 1607 753 άπὸ
1655 690 1892 772 τριῶν,
1951 681 2123 755 άλλὰ
2170 685 2248 754 τὸ
2296 692 2416 776 τῆς
2462 682 2577 754 εὗ-

413 796 599 867 νοίας
664 790 907 875 παρεὶς
974 787 1311 873 προσοχὴν
1375 790 1487 854 καὶ
1554 781 1928 872 εὐμάθειαν
1996 782 2361 878 εὐπορήσει
2425 802 2578 868 τοῖς

413 890 746 957 ἀκούουσι.
836 889 1238 975 προσέξουσι
1290 889 1412 972 μὲν
1468 888 1592 976 γὰρ
1653 884 1863 977 αυτῷ,
1920 880 2000 978 ἢν
2046 891 2226 979 δείξῃ
2275 887 2367 968 ὥς
2411 895 2578 975 περὶ

408 992 713 1078 μεγάλων
769 981 812 1080 ἢ
869 985 1243 1077 ἀναγκαίων
1299 981 1342 1074 ἢ
1400 990 1662 1058 οἰκείων
1720 982 1763 1079 ἢ
1815 998 2159 1079 χρησίμων
2228 992 2395 1078 ερεῑ·
2468 1019 2581 1059 ευ-

411 1098 605 1180 μαθῆ
650 1094 723 1161 δὲ
768 1097 880 1161 καὶ
927 1097 1111 1181 σαφῆ
1154 1091 1237 1158 τά
1286 1092 1561 1177 υστερον
1605 1094 1912 1182 ποιήσει,
1960 1094 2082 1173 τὰς
2129 1095 2355 1173 αἰτίας
2397 1120 2581 1179 προ-

413 1201 840 1279 εκτιθέμενος
895 1199 1005 1264 καὶ
1060 1196 1459 1282 περιορίζων
1504 1195 1588 1262 τὰ
1630 1196 1969 1284 κεφάλαια
2023 1201 2159 1263 τῶν
2215 1204 2573 1286 γεγενημέ-

309 1307 386 1363 54
414 1325 563 1366 νων.
640 1305 739 1364 54.
772 1292 1106 1374 τοιούτοις
1150 1303 1542 1381 προοιμίοις
1573 1298 1638 1363 οἱ
1670 1293 1937 1382 ἄριστοι
1965 1302 2098 1364 τῶν
2131 1305 2577 1386 συγγραφέων
2597 1311 2651 1362 61
2769 1334 2770 1367 3

416 1400 808 1489 ἐχρήσαντο,
861 1396 1231 1486 εΗρόδοτος
1286 1403 1436 1482 μέν,
1495 1395 1587 1476 ὥς
1643 1399 1730 1486 μὴ
1778 1398 1864 1465 τὰ
1921 1401 2243 1485 γενόμενα
2301 1400 2580 1491 ἐξίτηλα

414 1507 511 1590 τῷ
536 1503 752 1591 χρόνῳ
782 1507 1068 1590 γένηται,
1114 1502 1371 1586 μεγάλα
1415 1504 1526 1568 καὶ
1570 1502 1938 1586 θαυμαστὰ
1987 1498 2329 1585 ὅντα,.καὶ
2359 1508 2580 1571 ταῦτα

417 1614 600 1685 νίκας
645 1601 1018 1694 Ἑλληνικὰς
1078 1604 1402 1691 δηλοῦντα
1459 1606 1571 1671 καὶ
1627 1597 1830 1690 ἥττας
1882 1605 2328 1690 βαρβαρικάς·
2396 1611 2582 1674 Θου-

413 1709 683 1796 κυδίδης
715 1708 804 1788 δέ,
851 1710 1058 1792 μέγαν
1085 1730 1158 1772 τε
1188 1709 1297 1773 καὶ
1333 1698 1533 1783 αὐτὸς
1579 1705 1862 1784 ἐλπίσας
1907 1705 2196 1774 ἔσεσθαι
2237 1711 2353 1776 καὶ
2385 1702 2580 1787 ἄξιο-

419 1809 792 1896 λογώτατον
854 1806 987 1895 [καὶ
1044 1802 1273 1894 μείζω]
1330 1810 1463 1873 τῶν
1520 1812 2101 1897 προγεγενημένων
2160 1809 2410 1877 ἐκεῖνον
2457 1811 2582 1879 τὸν

418 1913 746 1995 πόλεμον·
793 1913 901 1976 καὶ
947 1908 1075 1996 γὰρ
1120 1909 1504 1995 παθήματα
1550 1908 1618 1974 ἐν
1657 1903 1836 1995 αὐτῷ
1881 1910 2138 1995 μεγάλα
2185 1911 2420 2001 ξυνέβη
2466 1939 2581 2000 γε-

316 2025 390 2082 55
420 2021 682 2085 νέσθαι.
771 2020 872 2079 55.
916 2010 1085 2097 μετὰ
1133 2012 1205 2078 δὲ
1241 2010 1317 2077 τὸ
1367 2017 1747 2097 προοίμιον,
1796 2006 2121 2098 ἀνάλογον
2164 2028 2312 2092 τοῖς
2357 2017 2581 2102 πράγ-

418 2141 623 2202 μασιν
667 2106 710 2202 ἢ
753 2113 1201 2203 μηκυνόμενον
1258 2103 1301 2202 ἢ
1356 2112 1873 2198 βραχυνόμενον,
1935 2108 2190 2202 εὐαφὴς
2245 2121 2360 2184 καὶ
2419 2113 2582 2185 εὖά-

416 2247 628 2312 γωγος
687 2220 858 2288 ἔστω
913 2213 953 2308 ἡ
1013 2215 1129 2285 ἐπὶ
1184 2215 1303 2301 τὴν
1370 2215 1671 2304 διήγησιν
1736 2215 2135 2302 μετάβασις·
2206 2211 2392 2287 ἅπαν
2447 2221 2582 2308 γὰρ
2773 2291 2774 2322 ἡ

421 2321 709 2409 ἆτεχνιῦς
764 2321 839 2389 τὸ
902 2318 1144 2387 λοιπὸν
1206 2321 1400 2401 σῶμα
1456 2321 1574 2404 τῆς
1632 2319 1933 2405 ἱστορίας
1992 2320 2296 2408 διήγησις
2351 2325 2585 2410 μακρά
2773 2325 2776 2392 ἶ

422 2430 632 2497 ἐστιν·
682 2418 852 2491 ὥστε
880 2436 1031 2500 ταῖς
1059 2425 1178 2509 τῆς
1213 2420 1578 2507 διηγήσεως
1625 2413 1894 2504 ἀρεταῖς
1936 2424 2582 2510 κατακεκοσμήσθω,
2775 2395 2776 2468 ¹

423 2534 619 2607 λείως
648 2553 721 2594 τε
750 2528 861 2593 καὶ
893 2520 1164 2607 ὁμαλῶς
1210 2525 1546 2608 προϊοῦσα
1590 2523 1699 2587 καὶ
1746 2518 1912 2609 αὗτῇ
1958 2519 2230 2606 ὁμοίως,
2280 2519 2456 2593 ὥστε
2485 2527 2581 2615 μὴ

421 2626 736 2714 προύχειν
777 2625 943 2714 μηδὲ
983 2625 1485 2690 κοιλαίνεσθαι·
1533 2621 1771 2689 ε’πειτα
1798 2621 1875 2689 τὸ
1912 2624 2126 2709 σαφὲς
2162 2624 2582 2708 ἐπανθείτω,

420 2738 502 2821 τῇ
548 2757 620 2797 τε
675 2728 878 2807 λέξει,
937 2723 1028 2803 ὥς
1087 2723 1285 2811 ε’φην,
1344 2729 1886 2812 μεμηχανημένον
1940 2727 2051 2792 καὶ
2105 2730 2188 2813 τῇ
2244 2750 2582 2816 συμπερι-

423 2837 641 2921 πλοκῇ
685 2857 818 2897 των
862 2826 1292 2913 πραγμάτων.
1385 2820 1693 2892 ἀπόλυτα
1750 2825 1874 2911 γὰρ
1919 2831 2031 2895 καὶ
2077 2827 2301 2952 ἐντελη
2347 2831 2581 2898 πάντα

421 2936 730 3026 ποιήσει,
787 2935 898 2998 καὶ
943 2929 1018 2997 τὸ
1067 2932 1334 3016 πρῶτον
1382 2927 1898 3012 εξεργασάμενος
1943 2928 2181 3008 επάξει
2222 2931 2300 2998 τὸ
2351 2934 2579 3002 δεύτε-

424 3066 542 3127 ρον
588 3036 896 3120 ἐχόμενον
942 3027 1143 3099 αὐτοῦ
1187 3033 1297 3097 καὶ
1357 3026 1653 3108 ἁλύσεως
1702 3030 1957 3116 τρόπον
2014 3041 2580 3121 συνηρμοσμένον,

424 3139 517 3221 ὥς
544 3140 633 3230 μὴ
669 3134 1123 3222 διακεκόφθαι
1167 3133 1333 3220 μηδὲ
1365 3132 1702 3220 διηγήσεις
1732 3131 1990 3212 πολλὰς
2034 3131 2209 3202 εἶναι
2255 3131 2583 3226 ἀλλήλαις

424 3244 939 3332 παρακειμένας,
995 3229 1147 3302 ἀλλ’
1202 3228 1305 3301 άεὶ
1351 3233 1427 3300 τὸ
1475 3237 1746 3320 πρῶτον
1789 3260 1883 3320 τῳ
1933 3235 2217 3322 δευτέρῳ
2262 3238 2352 3327 μὴ
2399 3266 2579 3325 γειτ-

425 3349 573 3414 νιᾶν
616 3342 854 3427 μόνον,
914 3333 1084 3405 ἀλλὰ
1129 3337 1240 3403 καὶ
1295 3348 1635 3403 κοινωνεῖν
1686 3338 1794 3402 καὶ
1857 3329 2360 3421 ἀνακεκρᾶσθαι
2406 3341 2580 3408 κατὰ

319 3463 395 3518 56
423 3445 508 3514 τὰ
542 3471 727 3531 ακρα.
804 3448 905 3509 56.
936 3438 1135 3522 τάχος
1167 3437 1279 3504 επὶ
1314 3440 1491 3504 πᾶσι
1530 3436 1872 3525 χρήσιμον,
1918 3441 2029 3505 καὶ
2065 3440 2360 3522 μάλιστα
2393 3442 2455 3508 εἰ
2486 3469 2577 3564 μη
2602 3484 2663 3534 65

427 3543 684 3634 άπορία
740 3571 873 3611 των
932 3545 1210 3609 λεκτέων
1256 3540 1392 3627 εἰη·
1451 3542 1564 3605 καὶ
1606 3542 1802 3605 τοῦτο
1860 3540 2273 3625 πορίζεσθαι
2314 3541 2436 3632 χρὴ
2486 3545 2577 3633 μὴ

421 3654 740 3719 τοσοῦτον
788 3640 924 3714 άπὸ
973 3648 1105 3711 τῶν
1163 3636 1512 3726 ὀνομάτων
1558 3632 1598 3729 ἢ
1643 3641 1994 3730 ῥημάτιον,
2047 3636 2207 3710 όσον
2255 3638 2395 3713 άπὸ
2444 3652 2581 3715 τῶν

425 3746 869 3841 πραγμάτων·
931 3749 1099 3834 λέγω
1160 3745 1263 3825 δέ,
1331 3743 1393 3811 εἰ
1445 3749 1830 3828 παραθέοις
1884 3745 2005 3828 μὲν
2061 3744 2145 3811 τὰ
2202 3773 2409 3833 μικρα
2467 3753 2576 3816 καὶ

424 3880 622 3944 ηττον
668 3847 1013 3938 ἀναγκαῖα,
1061 3851 1278 3934 λέγοις
1324 3847 1396 3913 δὲ
1445 3847 1684 3924 ἱκανῶς
1725 3845 1808 3912 τὰ
1855 3846 2144 3932 μεγάλα·
2200 3851 2459 3932 μᾶλλον
2508 3853 2581 3920 δὲ

426 3959 534 4024 καὶ
567 3956 1068 4037 παραλειπτέον
1114 3947 1358 4016 πολλά.
1435 3942 1586 4015 οῦδὲ
1616 3947 1738 4035 γὰρ
1769 3938 1848 4033 ἣν
1879 3948 2104 4038 εστιᾷς
2132 3950 2290 4029 τοὺς
2336 3956 2582 4041 φίλους
