2800 4500
479 222 561 280 32
1364 224 1736 279 ΛΟΥΚΙΑΝΟΥ

475 399 625 459 κίαν
670 393 836 460 κατὰ
869 398 1073 477 μέσον
1104 392 1219 459 τὸν
1251 393 1469 479 πόρον
1514 387 1909 480 ἀπαντήσας
1940 391 2054 459 ἐπὶ
2088 396 2220 459 τῶν
2258 389 2630 478 Ἱππομυρ-
2697 375 2702 383 ’

474 495 717 581 μήκων.
808 496 959 562 τότε
1014 496 1135 578 μὲν
1194 521 1309 562 ουν
1371 500 1755 584 νικηθέντες
1799 533 1881 543 —-
1928 490 2004 561 οὖ
2062 494 2189 582 γὰρ
2232 481 2398 584 ἦμεν
2444 490 2633 562 ἀντί-

475 599 687 664 παλοι
729 624 808 685 τῃ
858 595 1242 686 παρασκευῇ
1291 635 1375 646 -
1421 593 1957 687 ἀνεχωρήσαμεν·
2018 601 2130 664 νῦν
2177 597 2248 663 δὲ
2298 597 2636 720 βούλομαι

476 686 680 778 αυθις
728 699 1082 786 ἐξενεγκεῖν
1125 700 1241 768 τὸν
1287 700 1585 785 πόλεμον
1644 704 1756 768 καὶ
1810 694 2215 768 ἀποστεῖλαι
2259 699 2379 789 τὴν
2425 694 2636 768 ἀποι-

472 809 641 869 κίαν.
757 793 832 889 ἢν
901 801 1015 869 οὐν
1088 802 1400 890 εθέλητε,
1476 802 1923 891 κοινωνήσατέ
1995 828 2115 885 μοι
2177 806 2299 869 τοῦ
2366 803 2633 883 στόλου,

471 908 688 989 γῦπας
735 905 807 971 δὲ
863 901 1016 988 ὑμῖν
1063 904 1187 989 εγῶ
1249 903 1520 991 παρέξω
1580 908 1714 972 τῶν
1769 906 2137 988 βασιλικῶν
2198 903 2313 971 ἕνα
2370 903 2634 991 εκάστῳ
2773 950 2776 1023 s

471 1009 580 1073 καὶ
626 1004 746 1094 τὴν
793 1002 998 1093 αλλην
1055 1000 1364 1074 όπλισιν·
1431 1032 1663 1094 αυριον
1709 1008 1781 1073 δὲ
1833 1007 2274 1094 ποιησόμεθα
2317 1006 2437 1092 τὴν
2486 1006 2634 1085 ἐξο-
2773 1028 2774 1087 1

475 1110 656 1175 δον.“
743 1101 1069 1188 ,,Ούτως“
1072 1161 1087 1186 ,
1136 1106 1363 1196 ἔφην’
1336 1108 1481 1194 εγιό,
1527 1113 1925 1194 ,,γιγνέσθω,
1975 1108 2208 1192 επειδή
2242 1130 2353 1175 σοι
2384 1109 2589 1174 δοκεῖ.
2598 1113 2636 1142 “
2773 1092 2774 1119 ³

384 1215 577 1278 1813.
625 1209 778 1277 τότε
820 1211 939 1293 μὲν
986 1208 1099 1277 οὖν
1144 1236 1285 1293 παρ
1368 1203 1549 1296 αὐτῷ
1593 1210 2023 1288 εστιαθέντες
2069 1210 2455 1294 εμείναμεν,
2506 1209 2634 1276 ε’ω-

471 1317 597 1379 θεν
630 1313 701 1379 δὲ
735 1312 1209 1391 διαναστάντες
1255 1310 1715 1396 εταττόμεθα·
1760 1316 1872 1379 καὶ
1916 1338 2042 1399 γαρ
2075 1314 2141 1380 οἱ
2182 1315 2426 1379 σκοποὶ
2475 1311 2634 1401 εσή-

469 1440 708 1498 μαινον
753 1417 1045 1502 πλησίον
1076 1411 1249 1481 εἶναι
1285 1414 1442 1493 τοὺς
1486 1394 1872 1498 πολεμίους.
1946 1414 2022 1481 τὸ
2056 1415 2176 1499 μὲν
2210 1401 2324 1482 οὖν
2356 1416 2635 1503 πλῆθος

470 1521 585 1606 τῆς
646 1521 966 1603 στρατιᾶς
1026 1518 1184 1584 δέκα
1241 1512 1561 1603 μυριάδες
1628 1516 1925 1604 εγένοντο
1987 1512 2142 1585 άνευ
2199 1520 2333 1583 τῶν
2394 1527 2705 1583 nevo-80

470 1620 700 1707 φόρων
746 1624 858 1688 καὶ
902 1624 1034 1687 τῶν
1079 1624 1556 1706 μηχανοποιῶν
1598 1623 1711 1688 καὶ
1755 1624 1889 1686 τῶν
1935 1619 2155 1699 πεζῶν
2184 1614 2296 1686 καὶ
2340 1622 2476 1685 τῶν
2522 1619 2633 1697 ξέ-

469 1748 600 1788 νων
658 1721 1048 1806 συμμάχων·
1116 1722 1370 1788 τούτων
1430 1722 1501 1788 δὲ
1568 1716 2070 1806 ὀκτακισμύριοι
2133 1722 2254 1804 μὲν
2319 1706 2491 1809 ἦσαν
2564 1723 2632 1788 οι

460 1819 887 1909 Ἱππόγυποι,
936 1823 1276 1908 δισμύριοι
1322 1824 1394 1890 δὲ
1442 1823 1573 1890 οῖ’
1547 1827 1662 1890 επὶ
1706 1827 1839 1889 τῶν
1889 1826 2420 1910 λαχανοπτέρων.
2509 1818 2633 1907 όρ-

468 1949 614 1992 νεον
656 1926 734 2003 δὲ
769 1928 878 1991 καὶ
926 1924 1121 1992 τοῦτό
1172 1924 1314 1992 ἐστι
1356 1931 1688 2011 μέγιστον,
1737 1920 1882 1992 ἀντὶ
1929 1929 2062 1991 τῶν
2108 1928 2376 2010 πτερῶν
2421 1924 2632 2007 λαχά-

470 2051 610 2104 νοις
655 2026 873 2114 πάντη
922 2026 1174 2108 λάσιον,
1223 2026 1306 2092 τὰ
1341 2028 1414 2093 δὲ
1446 2021 1797 2112 ὠκύπτερα
1829 2026 1962 2109 ἔχει
2005 2027 2405 2114 θριδακίνης
2452 2026 2630 2113 φύλ-

466 2129 610 2205 λοις
639 2127 936 2211 μάλιστα
981 2128 1451 2212 προσεοικότα.
1528 2128 1644 2195 ἐπὶ
1676 2129 1748 2194 δὲ
1776 2128 2041 2206 τούτοις
2073 2129 2138 2195 οἱ
2172 2128 2630 2215 Κεγχροβόλοι

465 2228 818 2314 ἐτετάχατο
863 2233 972 2298 καὶ
1006 2232 1071 2298 οἱ
1103 2230 1622 2315 Σκοροδομάχοι.
1712 2215 1928 2318 ἦλθον
1975 2230 2047 2297 δὲ
2093 2224 2276 2317 αὐτῶ
2318 2233 2431 2298 καὶ
2479 2224 2621 2298 άπὸ

464 2337 580 2420 τῆς
654 2330 895 2420 ἄρκτου
983 2334 1348 2416 σύμμαχοι,
1438 2332 1821 2420 τρισμύριοι
1893 2334 2013 2416 μὲν
2097 2332 2623 2414 Ψυλλοτοξόται,

464 2434 1015 2519 πεντακισμύριοι
1060 2435 1132 2500 δὲ
1168 2430 1688 2519 Ἀνεμοδρόμοι·
1741 2434 1992 2501 τούτων
2039 2428 2101 2500 δ’
2155 2435 2221 2501 οἱ
2262 2435 2385 2518 μὲν
2440 2437 2624 2500 Ψυλ-

467 2536 819 2615 λοτοξόται
878 2535 993 2602 ἐπὶ
1054 2537 1325 2619 ψυλλῶν
1390 2536 1695 2621 μεγάλων
1765 2536 2209 2618 ἱππάζονται,
2280 2529 2446 2603 ὅθεν
2505 2539 2622 2603 καὶ

461 2636 580 2724 τὴν
637 2643 1094 2724 προσηγορίαν
1152 2637 1405 2720 ἔχουσι·
1467 2643 1757 2722 μέγεθος
1815 2639 1887 2705 δὲ
1930 2642 2063 2705 τῶν
2123 2639 2397 2724 ψυλλῶν
2455 2630 2624 2705 ὅσον

465 2738 720 2805 δώδεκα
779 2737 1164 2826 ἐλέφαντες·
1234 2739 1300 2805 οἱ
1359 2739 1432 2805 δὲ
1483 2734 1971 2825 Ἀνεμοδρόμοι
2031 2740 2222 2821 πεζοὶ
2281 2744 2402 2824 μέν
2462 2739 2620 2819 εἰσι,

464 2840 904 2929 φέρονταιδὲ
950 2838 1017 2906 έν
1060 2843 1156 2926 τῶ
1208 2834 1358 2927 άέρι
1417 2836 1570 2907 ἄνευ
1628 2845 1922 2927 πτερῶν·
1986 2838 2021 2907 ὁ
2072 2842 2143 2907 δὲ
2199 2841 2455 2927 τρόπος
2497 2846 2624 2928 τῆς

463 2947 680 3031 φορᾶς
723 2941 1026 3009 τοιόσδε·
1082 2946 1368 3024 χιτῶνας
1411 2943 1733 3030 ποδήρεις
1789 2940 2300 3026 ὖποζωσάμενοι
2343 2943 2621 3010 κολπώ-

462 3068 696 3123 σαντες
743 3039 981 3122 αύτοὺς
1011 3047 1108 3130 τῷ
1154 3039 1375 3131 ἀνέμῳ
1420 3046 1739 3131 καθάπερ
1786 3047 1969 3112 ἱστία
2015 3050 2337 3133 φέρονται
2381 3038 2621 3130 ὥσπερ

457 3146 541 3215 τὰ
588 3147 832 3235 σκάφη.
922 3145 1005 3212 τὰ
1055 3147 1275 3213 πολλὰ
1323 3142 1386 3212 δ’
1431 3149 1496 3214 οἱ
1540 3151 1836 3215 τοιοῦτοι
1869 3147 1935 3216 ἐν
1965 3161 2114 3226 ταῖς
2157 3147 2403 3231 μάχαις
2450 3151 2620 3214 πελ-

457 3256 702 3316 τασταί
748 3248 940 3314 εἰσιν.
1017 3248 1315 3333 ἐλέγοντο
1349 3249 1421 3315 δὲ
1451 3253 1563 3316 καὶ
1605 3244 1744 3315 άπὸ
1777 3253 1909 3315 τῶν
1953 3249 2123 3335 ὑπὲρ
2154 3249 2273 3335 τὴν
2304 3256 2617 3317 Καππα-

462 3351 692 3417 δοκίαν
760 3344 1058 3435 ἀστέρων
1121 3349 1302 3435 ἥξειν
1358 3350 1954 3433 Στρουθοβάλανοι
2010 3352 2131 3435 μὲν
2199 3350 2616 3435 ἕπτακισμύ-
2639 3364 2692 3417 81

460 3478 628 3535 ριοι,
682 3448 1148 3538 Ἱππογέρανοι
1205 3452 1276 3518 δὲ
1333 3454 1882 3535 πεντακισχίλιοι.
1971 3452 2247 3531 τούτους
2305 3452 2431 3538 ἐγῶ
2498 3448 2615 3520 οὐκ
2761 3457 2762 3460 ’

460 3553 879 3643 ἐθεασάμην·
939 3548 1014 3621 οὗ
1059 3553 1184 3641 γὰρ
1232 3548 1575 3642 ἀφίκοντο.
1666 3555 1906 3642 διόπερ
1969 3549 2122 3622 οὐδὲ
2179 3552 2446 3643 γράψαι
2490 3557 2615 3635 τὰς

459 3657 696 3744 φύσεις
747 3652 964 3722 αὐτῶν
1023 3656 1392 3743 ἐτόλμησα·
1452 3656 1769 3742 τεράστια
1812 3657 1938 3744 γὰρ
1983 3662 2096 3725 καὶ
2144 3654 2404 3724 ἄπιστα
2453 3661 2613 3743 περὶ

371 3775 441 3829 14
461 3752 676 3854 αὐτῶν
732 3758 1008 3844 ἐλέγετο.
1108 3765 1202 3824 14.
1263 3750 1429 3845 αὕτη
1488 3759 1607 3841 μὲν
1661 3754 1699 3845 ἦ
1748 3762 1868 3825 τοῦ
1917 3753 2354 3842 Ἐνδυμίωνος
2413 3760 2614 3826 δύνα-

457 3882 570 3941 μις
614 3856 712 3945 ἠν.
802 3860 992 3944 σκευὴ
1057 3859 1129 3925 δὲ
1186 3859 1462 3925 πάντων
1507 3856 1543 3945 ἡ
1596 3854 1792 3946 αὐτή·
1848 3863 2052 3949 κράνη
2110 3861 2231 3943 μὲν
2290 3855 2430 3927 άπὸ
2476 3865 2613 3927 τῶν

458 3958 754 4042 κυάμων·
815 3961 1094 4046 μεγάλοι
1136 3959 1262 4046 γὰρ
1308 3954 1478 4044 παρ’
1548 3956 1772 4038 αὐτοῖς
1816 3962 1880 4028 οἱ
1926 3962 2168 4045 κύαμοι
2212 3966 2326 4031 καὶ
2378 3987 2614 4049 καρτε-
