2800 4500
457 262 494 320 3
504 263 533 318 l
544 260 581 318 2
1187 263 1317 316 ΑΒΝ
1325 263 1567 317 ΟΤΑΤΙΟ
1604 265 1876 320 CRITICA.

667 434 1108 517 ἀπηκρίβωται
1130 433 1206 500 τὸ
1230 437 1421 518 ἔργον
1443 440 1483 498 i.
1510 457 1563 499 e.
1588 441 1664 500 ad
1685 458 1971 500 summum
1993 438 2290 518 fastigium
2316 447 2611 523 evectum,

667 540 932 600 omnibus
995 542 1253 601 numeris
1319 541 1651 602 absolutum
1718 548 1825 605 est.
1915 543 2002 604 Of.
2062 539 2348 624 ζηλωτὴς
2407 537 2615 627 ἄκρος

667 662 715 704 e.
749 647 846 702 15.
889 638 1044 719 τοὺς
1075 640 1318 723 ἄκρους
1346 650 1482 707 τῶν
1529 641 2080 723 φιλοσοφούντων
2108 646 2371 709 Hermot.
2419 667 2470 708 e.
2508 654 2608 711 79.

454 763 503 806 c.
534 750 631 805 54.
661 747 861 824 μέγαν
904 768 970 808 τε
1014 750 1121 808 καὶ
1166 742 1360 823 αὐτὸς
1406 747 1666 824 ἐλπίσας
1709 748 1962 838 ἔσεσθαι
2006 754 2110 812 καὶ
2171 747 2614 829 ἀξιολογώτα-

664 871 784 911 τον
828 853 959 910 καὶ
1001 853 1239 927 μείζω
1284 854 1421 911 τῶν
1465 853 2031 931 προγεγενημένων
2075 848 2095 932 ΙΙ
2135 854 2286 929 [καὶ
2336 854 2613 933 μείζω]

662 951 794 1012 Hm.
854 949 931 1009 ef.
975 950 1249 1026 Thucyd.
1294 951 1323 1010 I
1367 971 1418 1012 e.
1458 958 1484 1010 1
1537 953 1797 1028 ἐλπίσας
1848 956 2047 1033 μέγαν
2090 977 2158 1017 τε
2203 954 2453 1018 ἔσεσθαι
2498 960 2611 1019 καὶ

664 1049 1189 1131 ἀξιολογώτατον
1217 1060 1353 1117 τῶν
1383 1077 1568 1134 προγ.
1619 1054 1802 1132 Soph.
1832 1057 1969 1116 Ant.
2002 1061 2116 1117 100
2164 1055 2342 1133 α’κτὶς
2385 1055 2613 1121 ἀελίου

663 1152 739 1218 τὸ
749 1151 1097 1220 κάλλιστον
1112 1152 1460 1241 ἑπταπύλῳ
1477 1161 1681 1234 φανὲν
1712 1154 1888 1240 Θήβᾳ
1905 1167 2040 1223 τῶν
2062 1162 2400 1241 προτέρων
2416 1156 2607 1238 φάος.

451 1275 500 1317 e.
530 1262 629 1317 55.
663 1254 863 1338 αὐτὴ
908 1254 1148 1334 ὁμοίως
1189 1254 1211 1341 Ι
1254 1256 1453 1339 αὑτῇ
1499 1256 1597 1335 ὃμ.
1649 1259 1917 1322 Solanus.

451 1377 501 1420 c.
535 1363 631 1421 56.
665 1357 815 1424 ου’ὁὲ
860 1356 981 1441 γὰρ
1025 1412 1038 1424 .
1089 1412 1102 1424 .
1152 1411 1166 1424 .
1215 1356 1322 1424 διὰ
1377 1368 1577 1425 τοῦτο
1623 1363 1691 1425 έν
1737 1365 1953 1439 μέσοις
1996 1377 2134 1440 τοῖς
2178 1366 2450 1440 πέμμασι
2499 1369 2617 1427 καὶ

662 1459 914 1541 ὀρνέοις
958 1466 1064 1525 καὶ
1122 1458 1429 1525 λοπάσι
1474 1458 1919 1541 τοσαύταις
1980 1470 2085 1528 καὶ
2132 1470 2318 1528 συσὶν
2359 1449 2618 1545 α’γρίοις

662 1568 768 1626 καὶ
811 1572 1091 1642 λαγωοῖς
1135 1569 1240 1627 καὶ
1286 1560 1748 1646 ὑπογαστρίοις
1802 1572 1908 1629 καὶ
1954 1570 2272 1648 σαπέρδην
2318 1562 2618 1647 ἐνθήσεις

657 1670 764 1729 καὶ
809 1666 993 1742 ἔτνος
1033 1662 1052 1746 ΙΙ
1108 1666 1478 1742 Transposui
1530 1672 1664 1730 καὶ
1708 1663 2007 1732 λοπάσι
2063 1692 2150 1732 το
2169 1685 2219 1732 σ.
2268 1672 2404 1747 post
2444 1666 2620 1733 {xo-

661 1776 985 1849 γαστρίοις
1040 1769 1192 1830 duee
1236 1769 1564 1830 Fritzsehio
1608 1770 1907 1848 „denique
1963 1773 2118 1832 inter
2171 1776 2259 1832 tot
2307 1770 2620 1848 patinasf‘

449 1889 497 1930 e.
528 1875 626 1930 57.
659 1870 843 1935 οἷον
889 1866 1047 1952 ὁρᾷς
1092 1874 1197 1934 καὶ
1231 1867 1502 1952 Ὅμηρος
1545 1924 1558 1936 .
1608 1924 1621 1936 .
1670 1924 1684 1938 .
1734 1887 1906 1937 ποιεῖ
1945 1870 1966 1956 fl
2009 1869 2190 1937 οἷόν
2233 1898 2304 1937 τι
2349 1870 2443 1953 ὁρ.
2508 1891 2616 1934 se·

661 1973 911 2033 eundum
958 1972 1104 2037 οἶον
1150 1968 1308 2056 ὁρᾷς
1352 1998 1413 2036 τι
1454 1970 1588 2042 ἩΓ
1620 1971 1779 2055 ὁρᾷς
1822 1979 1886 2036 τί
1926 1976 2126 2035 Harl.
2174 1973 2249 2037 ef.
2281 1975 2417 2036 Ver.
2466 1975 2618 2037 hist.

659 2076 688 2135 Ι
719 2094 767 2136 e.
802 2079 837 2136 2
870 2070 1019 2139 οἶόν
1048 2100 1109 2138 τι
1139 2081 1245 2138 καὶ
1275 2081 1420 2157 περὶ
1463 2080 1667 2140 τῶνδε
1708 2084 1844 2140 τῶν
1889 2073 2402 2159 συγγραμμάτων
2446 2100 2621 2160 φρο-

661 2174 875 2259 νήσειν
946 2173 1407 2254 ὑπολαμβάνω.
1464 2211 1546 2221 -
1605 2191 1856 2242 ποιεῖ·
1923 2185 2192 2243 καίτοι
2259 2175 2614 2262 ποιητὴς

659 2277 766 2343 ὤν
811 2287 1167 2359 παραθεῖ
1203 2275 1222 2360 fl
1264 2281 1696 2341 ποιεῖκαίτοι
1725 2279 2022 2361 ποιητνῗς
2051 2275 2177 2344 ὢν.
2243 2290 2617 2362 παραθεῖ

656 2380 796 2442 Ddf.
841 2381 1003 2443 det.
1049 2416 1132 2425 —
1180 2380 1550 2446 Ἐπιπολῶν
1598 2390 1844 2464 σχῆμα
1887 2380 1907 2466 fl
1949 2384 2198 2465 ἔρυμα
2227 2385 2339 2444 Bk.

439 2505 494 2547 e.
525 2489 622 2545 59.
656 2484 905 2548 ἔπαινοι
960 2487 1076 2560 μὲν
1137 2480 1257 2564 γὰρ
1314 2535 1326 2548 .
1380 2536 1392 2548 .
1443 2535 1456 2548 .
1519 2490 1625 2548 καὶ
1681 2499 1950 2564 ταχεῖς
2013 2483 2032 2567 ΙΙ
2097 2500 2374 2564 σαφεῖς
2431 2486 2610 2553 det.

656 2585 817 2660 Quas
848 2585 1055 2647 laudes
1099 2603 1311 2662 pareas
1356 2588 1814 2663 circumspectas
1861 2590 2218 2664 argumentis
2260 2588 2605 2650 fulciendas

657 2706 787 2750 esse
832 2690 977 2767 vult,
1025 2689 1268 2751 eaedem
1310 2690 1413 2748 vix
1454 2694 1702 2765 possunt
1748 2707 1879 2751 esse
1911 2692 2156 2752 celeres,
2232 2691 2440 2766 Itaque
2487 2710 2606 2769 pro

655 2804 862 2869 ταχεῖς
907 2808 1038 2849 eum
1083 2790 1211 2850 eod.
1256 2789 1315 2860 Ἡ
1359 2792 1616 2866 praetuli
1661 2805 1897 2869 σαφεῖς.

442 2914 490 2957 e.
522 2899 618 2955 61.
651 2898 1007 2974 παρρησίας
1040 2889 1343 2969 μεστός.
1422 2894 1608 2955 Recte
1638 2896 1725 2955 sie
1754 2895 2043 2973 Jacobitz,
2090 2912 2443 2971 quamquam
2491 2913 2602 2972 op·

653 2997 778 3056 timi
802 2995 1036 3056 codices
1066 2994 1225 3071 (211⁷
1248 2996 1450 3072 Harl.)
1484 2997 1704 3058 habent
1731 2992 1983 3076 μισθός,
2014 2998 2075 3057 id
2099 2997 2256 3073 quod
2279 2997 2600 3059 manifesto

658 3100 1005 3159 documento
1052 3103 1174 3176 est,‘
1205 3101 1305 3158 vel
1337 3101 1869 3174 praestantissimos
1898 3100 2145 3159 Lueiani
2190 3100 2428 3160 codices
2472 3118 2600 3160 non

654 3219 858 3261 carere
889 3201 1250 3277 gravissimis
1281 3202 1472 3279 vitii83
1518 3219 1713 3277 neque
1744 3202 1933 3261 minus
1969 3201 2030 3261 id
2073 3205 2293 3261 eertum
2325 3205 2416 3261 est
2458 3201 2598 3281 hos,

654 3304 863 3379 quibus
907 3304 1158 3362 maxime
1202 3320 1342 3362 usus
1386 3321 1515 3362 sum
1558 3305 1619 3361 in
1664 3303 1777 3362 hoe
1821 3305 2041 3379 scripto
2078 3307 2316 3379 praeter
2341 3304 2398 3363 A
2430 3308 2489 3364 et
2519 3304 2597 3383 O,

651 3407 805 3465 inter
847 3422 912 3464 se
957 3406 1305 3480 plerumque
1353 3406 1787 3465 eonsentientes
1835 3422 1967 3466 esse
2012 3410 2313 3484 cognatos,

439 3524 488 3568 e.
518 3510 616 3567 62.
647 3502 722 3569 τὸ
754 3504 1009 3570 αὐτοῦ
1040 3498 1248 3581 ὄνομα
1279 3504 1297 3588 ΙΙ
1325 3502 1579 3568 αὑτοῦ
1620 3508 1803 3566 Reitz.
1852 3507 1950 3567 Fr.
1996 3539 2081 3551 -
2125 3504 2273 3570 οὐδὲ
2304 3502 2420 3570 τὸν
2450 3504 2596 3569 αύ-

649 3618 792 3673 τοῦ
837 3615 984 3684 βίον
1027 3660 1040 3673 .
1091 3659 1104 3672 .
1155 3659 1167 3672 .
1219 3605 1387 3688 ἑώρα
1429 3605 1447 3688 ΙΙ
1494 3605 1748 3672 αὑτοῦ
1790 3610 1973 3669 Reitz.

438 3730 488 3771 e.
518 3716 614 3773 63.
640 3708 761 3792 χρὴ
807 3717 1032 3774 τοίνυν
1078 3716 1184 3773 καὶ
1214 3707 1331 3790 τὴν
1378 3714 1668 3792 ἱστορίαν
1713 3708 1890 3775 οὕτω
1920 3706 2278 3791 γράφεσθαι
2325 3707 2439 3773 σὺν
2482 3718 2594 3794 τῷ

650 3811 879 3894 α’ληθεῖ
917 3819 1165 3888 μᾶλλον
1209 3809 1372 3893 πρὸς
1415 3809 1532 3893 τὴν
1574 3816 1940 3888 μέλλουσαν
1983 3814 2206 3876 ἐλπίδα
2256 3809 2411 3892 ἢπερ
2456 3808 2594 3876 σὺν

647 3921 948 3996 κολακείᾳ
991 3909 1153 3991 πρὸς
1197 3910 1274 3976 τὸ
1319 3906 1439 3994 ἡδὺ
1495 3928 1632 3989 τοῖς
1690 3921 1812 3978 νῦν
1876 3910 2519 3990 έπαινούμενοις
2568 3911 2594 3995 fl

648 4015 1306 4090 [ἐπαινουμένοις]
1352 4014 1515 4076 det.
