2800 4500
1016 261 1166 314 ΠΕΡΙ
1203 260 1563 314 ΟΡΧΗΣΕΩΣ.
2238 258 2358 318 133

238 438 460 517 μένους
500 437 618 499 τοῦ
656 435 890 518 χοροῦ,
953 434 1066 498 καὶ
1111 430 1353 512 πάλιν,
1414 429 1456 496 ἃ
1503 429 1572 497 ἐν
1615 433 1697 518 τῇ
1750 422 1919 518 αύτῇ
1965 422 2211 496 ἀσπίδι
2255 431 2363 495 λέ-

150 552 357 623 276γει·
412 538 707 620 ,,Κοῦροι
763 529 828 599 δ’
892 526 1291 623 ὀρχηστῆρες
1347 531 1630 614 ἐδίνεον,
1645 536 1685 566 “
1738 557 1830 609 ως
1885 558 1954 598 τι
2007 530 2362 599 κάλλιστον

234 641 415 704 τοῦτο
457 641 575 704 τοῦ
601 633 977 724 Ἡφαίστου
1024 634 1521 756 ἐμποιήσαντος
1563 637 1646 723 τῇ
1692 627 1957 701 ἀσπίδι.
2044 631 2200 711 τοὺς
2241 633 2364 717 μὲν

233 740 345 827 γὰρ
392 744 695 818 Φαίακας
736 741 849 806 καὶ
894 738 1072 806 πάνυ
1119 735 1295 816 εἰκὸς
1348 723 1431 826 ῆν
1481 732 1753 825 ὀρχήσει
1801 742 2058 824 χαίρειν
2119 731 2365 820 ἆβρους

232 867 299 908 τε
337 867 533 919 οντας
573 844 687 909 καὶ
731 841 801 908 ἐν
845 840 1031 928 πάσῃ
1091 834 1489 927 εὐδαιμονίᾳ
1549 840 2035 925 διατρίβοντας.
2124 833 2159 905 ὃ
2206 841 2364 924 γοῦν

219 937 504 1032 Ὅμηρος
545 948 741 1014 τοῦτο
790 937 1007 1010 αὐτῶν
1048 942 1345 1027 μάλιστα
1385 941 1824 1026 θαυμάζοντα
1872 945 2204 1029 πεποίηκε
2246 939 2365 1007 τὸν

227 1040 535 1114 Ὀδυσσέα
597 1049 711 1113 καὶ
783 1044 905 1124 τὰς
975 1044 1414 1130 μαρμαρυγὰς
1484 1047 1619 1111 τῶν
1690 1044 1924 1110 ποδῶν
1994 1041 2362 1126 θεώμενον.

237 1156 324 1215 14.
369 1174 437 1215 εν
478 1153 601 1232 μέν
644 1173 718 1234 γε
751 1150 1097 1235 Θεσσαλίᾳ
1139 1151 1458 1214 τοσοῦτον
1503 1145 1797 1213 ἐπέδωκε
1825 1149 1945 1234 τῆς
1976 1137 2365 1269 ὀρχηστικῆς
2394 1152 2467 1206 14

231 1246 265 1338 ἡ
310 1246 618 1335 άσκησις,
677 1242 852 1315 ω’στε
895 1248 1052 1327 τοὺς
1095 1247 1487 1336 προστάτας
1528 1250 1639 1314 καὶ
1687 1246 2200 1332 προαγωνιστὰς
2247 1240 2363 1311 αύ-

231 1356 351 1419 τῶν
393 1355 946 1441 προορχηστῆρας
990 1349 1295 1418 ἐκάλουν·
1351 1354 1463 1418 καὶ
1519 1350 1795 1472 δηλοῦσι
1849 1352 2047 1416 τοῦτο
2108 1376 2177 1415 αι
2233 1351 2366 1416 τῶν

232 1448 629 1541 ἀνδριάντων
696 1453 1105 1542 ἐπιγραφαί,
1178 1452 1290 1530 οὓς
1350 1466 1498 1531 τοῖς
1560 1446 2028 1539 ἀριστεύουσιν
2096 1445 2367 1518 ἀνίστα-

233 1576 373 1623 σαν·
431 1551 848 1642 ,,Προυκρινε
889 1554 1056 1642 γάρ“
1068 1607 1086 1637 ,
1150 1560 1351 1644 φησί,
1410 1607 1450 1636 ,,
1433 1558 1966 1673 ,προορχηστῆρα
2014 1549 2054 1619 ἆ
2101 1552 2367 1630 πόλις.“

229 1662 330 1725 καὶ
365 1645 592 1741 αὖθις,
636 1710 676 1740 ,,
683 1658 1046 1725 Εἰλατίωνι
1072 1654 1198 1723 τὰν
1230 1656 1455 1724 εἰκόνα
1486 1652 1521 1723 ὃ
1573 1655 1785 1740 δᾶμος
1828 1681 1898 1724 ευ
1932 1650 2367 1743 ὀρχησαμένῳ

231 1759 340 1827 τὰν
378 1761 664 1845 μάχαν.“

152 1873 218 1924 2‘1'1
391 1870 487 1929 15.
529 1856 662 1929 Ἐιῦ
707 1862 938 1948 λέγειν,
990 1853 1096 1928 ότι
1140 1858 1408 1945 τελετὴν
1453 1853 1607 1927 οὑδὲ
1650 1864 1814 1944 μίαν
1858 1854 2140 1945 ἀρχαίαν
2187 1859 2368 1927 εστιν
2394 1866 2464 1921 15

235 1960 429 2047 εὑρεῖν
487 1960 646 2031 ἄνευ
702 1960 1063 2052 ὀρχήσεως,
1127 1959 1433 2051 Ὀρφέως
1499 1962 1750 2053 δηλαδὴ
1815 1967 1926 2029 καὶ
1983 1969 2366 2042 Μουσαίου,

233 2071 352 2134 τῶν
392 2068 548 2135 τότε
593 2062 885 2154 ἀρίστων
928 2060 1297 2154 ὀρχηστῶν,
1354 2071 1960 2152 καταστησαμένων
2006 2059 2231 2145 αὐτάς,
2278 2058 2371 2143 ὥς

232 2196 291 2236 τι
328 2169 683 2237 κάλλιστον
724 2172 836 2236 καὶ
880 2174 1080 2236 τοῦτο
1125 2167 1756 2257 νομοθετησάντων,
1806 2166 1926 2234 σὺν
1971 2169 2214 2256 ῥυθμῷ
2256 2170 2367 2234 καὶ

233 2266 484 2362 ὀρχήσει
529 2279 877 2358 μυεῖσθαι.
965 2266 1074 2340 ὅτι
1118 2267 1179 2338 δ’
1232 2265 1445 2351 οὕτως
1489 2272 1640 2355 ἔχει,
1686 2272 1770 2338 τὰ
1813 2272 1934 2354 μὲν
1978 2266 2173 2358 ὄργια
2205 2292 2369 2338 σιω-

232 2380 357 2443 πᾶν
400 2373 591 2456 ἀξιον
634 2380 766 2443 τῶν
814 2370 1126 2466 ἀμυήτων
1171 2374 1375 2459 ἕνεκα,
1424 2374 1631 2442 ἐκεῖνο
1679 2374 1751 2440 δὲ
1795 2373 2044 2452 πάντες
2090 2366 2369 2441 ἀκούου-

231 2499 354 2559 σιν,
426 2476 538 2545 ὅτι
600 2476 757 2556 τοὺς
821 2477 1330 2564 ἐξαγορεύοντας
1390 2476 1476 2542 τὰ
1541 2475 1874 2565 μυστήρια
1941 2475 2369 2560 ἐξορχεῖσθαι

233 2578 519 2665 λέγουσιν
565 2582 630 2647 οἱ
676 2582 941 2647 πολλοί.
1035 2586 1132 2647 16.
1181 2604 1249 2646 εν
1291 2579 1498 2666 Δήλῳ
1544 2579 1619 2645 δέ
1660 2604 1734 2665 γε
1779 2572 1935 2645 οὐδὲ
1996 2579 2069 2646 αἱ
2124 2583 2369 2645 θυσίαι
2399 2589 2472 2645 16

234 2675 374 2749 ἄνευ
446 2677 815 2771 ὀρχήσεως,
905 2680 1077 2748 ἀλλὰ
1152 2681 1269 2748 σὺν
1343 2681 1550 2768 ταύτῃ
1622 2683 1734 2748 καὶ
1807 2680 1976 2764 μετὰ
2047 2692 2369 2766 μουσικῆς

234 2780 574 2869 εγίγνοντο.
662 2786 930 2851 παίδων
969 2786 1161 2869 χοροὶ
1207 2783 1645 2861 συνελθόντες
1687 2777 1810 2849 ὑπ
1873 2778 2056 2870 αὐλῷ
2111 2787 2224 2851 καὶ
2265 2809 2369 2851 κι-

232 2886 406 2976 θάρᾳ
451 2889 519 2954 οἱ
561 2888 683 2971 μὲν
734 2886 1071 2972 ἐχόρευον,
1127 2881 1557 2971 ὑπωρχοῦντο
1617 2885 1690 2952 δὲ
1746 2886 1813 2953 οἱ
1871 2909 2138 2971 αριστοι
2196 2910 2369 2972 προ-

232 2994 562 3068 κριθέντες
606 2988 680 3067 ἐξ
722 2985 958 3056 αὐτῶν.
1048 2988 1131 3055 τὰ
1175 2992 1331 3074 γοῦν
1372 3002 1518 3066 τοῖς
1544 3002 1770 3077 χοροῖς
1796 2988 2186 3077 γραφόμενα
2213 2989 2369 3056 τού-

152 3108 362 3168 218τοις
406 3087 679 3180 ᾄσματα
725 3087 1166 3182 ὑπορχήματα
1211 3090 1506 3158 ἐκαλεῖτο
1554 3089 1688 3180 [καὶ
1735 3089 2190 3180 ἐνεπέπληστο
2233 3095 2368 3157 τῶν

232 3194 542 3260 τοιούτων
586 3190 623 3282 ἦ
672 3192 880 3281 λύρα.]

395 3303 491 3363 17.
540 3298 674 3363 Καὶ
718 3302 788 3363 τί
834 3319 945 3362 σοι
988 3294 1144 3373 τοὺς
1171 3288 1501 3383 (Έλληνας
1546 3298 1747 3381 λέγω,
1794 3295 1971 3362 ὅπου
2016 3298 2127 3362 καὶ
2166 3284 2366 3364 Ἰνδοὶ
2404 3304 2472 3357 17

236 3393 498 3465 ἐπειδὰν
541 3397 759 3465 ἕωθεν
805 3392 1210 3474 ἀναστάντες
1253 3397 1757 3484 προσεύχωνται
1799 3398 1916 3464 τὸν
1940 3389 2201 3476 (Ἡλιον,
2252 3392 2368 3481 οὐχ

236 3490 449 3590 ὥσπερ
495 3497 687 3586 ἡμεῖς
733 3500 852 3588 τὴν
889 3513 1082 3585 χεῖρα
1125 3500 1439 3577 κύσαντες
1492 3497 1841 3587 ἡγούμεθα
1898 3498 2124 3587 ἐντελῆ
2180 3498 2366 3590 ἡμῶν

238 3596 395 3669 εἶναι
438 3602 559 3692 τὴν
605 3597 827 3692 εὐχήν,
886 3596 1037 3671 ἀλλ’
1090 3601 1329 3670 ἐκεῖνοι
1374 3600 1548 3688 πρὸς
1602 3600 1720 3688 τὴν
1777 3596 2108 3692 ἀνατολὴν
2165 3605 2366 3671 στάν-

236 3727 334 3781 τες
386 3699 653 3794 ὀρχήσει
706 3704 823 3772 τὸν
861 3698 1109 3771 ‘'Hi-lov
1167 3698 1587 3785 ἀσπάζονται
1648 3705 2154 3792 σχηματίζοντες
2210 3705 2365 3773 ἑαυ-

237 3803 377 3884 τοὺς
420 3811 649 3895 σιωπῇ
689 3810 801 3874 καὶ
857 3806 1258 3891 μιμούμενοι
1313 3806 1436 3894 τὴν
1489 3811 1761 3891 χορείαν
1813 3811 1937 3874 τοῦ
1993 3811 2195 3874 θεοῦ·
2253 3813 2364 3877 καὶ

239 3909 413 3975 τοῦτό
461 3909 641 3977 ἐστιν
679 3902 906 3977 Ἰνδῶν
949 3911 1057 3975 καὶ
1107 3903 1257 3996 εύχὴ
1291 3910 1407 3974 καὶ
1429 3911 1622 3993 χοροὶ
1650 3911 1761 3975 καὶ
1792 3914 2025 3976 θυσία.
2115 3908 2220 3977 διὸ
2251 3914 2364 3977 καὶ

239 4011 482 4090 τούτοις
527 4014 862 4079 ἱλεοῦνται
907 4010 1023 4077 τὸν
1056 4009 1222 4079 θεὸν
1270 4010 1374 4087 δὶς
1419 4013 1530 4076 καὶ
1577 4004 1938 4098 ἀρχομένης
1979 4012 2092 4077 καὶ
2125 4010 2365 4095 δυομέ-
