2800 4500
844 242 1149 297 ΑΔΗΘΟΥΣ
1182 241 1480 297 ΙΣἹὈΡΙΑΣ
1504 243 1563 295 Β.
2204 241 2284 299 65

156 419 271 485 λῶν
314 411 702 495 ἀνθρώπων
748 408 916 481 ὂστᾶ
944 415 1057 479 καὶ
1087 419 1326 498 κρανία
1369 418 1671 497 κείμενα·
1717 415 1826 479 καὶ
1858 410 1935 479 τὸ
1968 411 2090 496 μὲν
2118 409 2287 499 βοὴν

159 519 407 587 ἱστάναι
450 520 566 584 καὶ
609 515 764 595 τοῦς
807 516 1113 602 ἑταίρους
1159 516 1504 602 συγκαλεῖν
1546 517 1658 581 καὶ
1702 514 1769 592 ἐς
1797 513 1880 580 τὰ
1929 507 2112 581 ὅπλα
2150 540 2287 597 χω·

155 634 276 706 ρεῖν
331 613 448 687 οῦκ
507 617 916 702 ἐδοκίμαζον.
1019 615 1618 703 προχειρισάμενος
1677 617 1749 683 δὲ
1806 614 1925 704 τὴν
1982 616 2287 705 μαλάχην

155 721 355 789 πολλὰ
401 715 695 809 ηὐχόμην
742 714 908 808 αὐτῇ
953 720 1304 807 διαφυγεῖν
1351 717 1420 784 ἐκ
1463 722 1595 785 τῶν
1649 718 2004 804 παρόντων
2047 721 2286 784 κακῶν.

154 818 283 909 μετ’
347 818 577 910 ὀλίγον
623 824 694 890 δὲ
747 827 864 913 τῆς
923 822 1109 911 ξένης
1168 822 1680 909 διακονουμένης
1739 817 1917 888 εἶδον
1960 819 2043 888 τὰ
2092 823 2286 908 σκέλη

76 938 141 987 140
160 921 222 994 οὗ
274 924 610 1013 γυναικός,
673 918 823 991 ἄλλ’
888 920 1044 992 ὄνου
1099 919 1353 1003 ὁπλάς·
1413 926 1523 990 καὶ
1586 922 1663 1009 δὴ
1724 922 2157 1007 σπασάμενος
2210 923 2288 990 τὸ

158 1029 332 1114 ξίφος
390 1026 840 1111 συλλαμβάνω
882 1019 949 1091 τ>
1017 1018 1220 1113 αὐτὴν
1274 1028 1385 1092 καὶ
1445 1020 1654 1111 δήσας
1711 1027 1871 1113 περὶ
1925 1028 2055 1091 τῶν
2115 1017 2292 1091 ὅλων

158 1123 493 1215 ἀνέκρινον.
585 1125 626 1217 ἡ
674 1129 775 1211 δέ,
823 1124 1076 1195 ἄκουσα
1121 1132 1275 1213 μέν,
1339 1124 1492 1194 εἶπε
1538 1128 1610 1194 δὲ
1657 1121 1871 1212 ὅμως,
1921 1121 2128 1206 αὗτὰς
2171 1128 2292 1210 μὲν

160 1228 311 1298 εἶναι
372 1233 792 1308 θαλαττίους
856 1244 1168 1316 γυναῖκας
1213 1223 1643 1309 Ὀνοσκελέας
1711 1234 2293 1317 προσαγορευομέ-

158 1358 277 1414 νας,
305 1332 569 1423 τροφὴν
601 1333 674 1399 δὲ
696 1337 1061 1400 ποιεῖσθαι
1089 1330 1247 1409 τοῦς
1277 1331 1771 1421 ἐπιδημοῦντας
1802 1331 2044 1410 ξένους.
2106 1331 2293 1399 ἐπει·

162 1434 268 1501 δὰν
317 1435 472 1522 γάρ,
545 1435 709 1523 ε’φη,
776 1434 1181 1519 μεθύσωμεν
1242 1427 1513 1515 αὐτούς,
1584 1439 2097 1522 συνευνηθεῖσαι
2152 1460 2297 1501 κοι-

162 1543 470 1621 μωμένοις
540 1536 1022 1623 ἐπιχειροῦμεν.
1125 1530 1416 1613 άκούσας
1472 1537 1544 1603 δὲ
1599 1540 1812 1603 ταῦτα
1870 1535 2119 1625 ἐκείνην
2175 1536 2296 1621 μὲν

166 1634 343 1706 αὐτοῦ
396 1641 764 1706 κατέλιπον
833 1639 1216 1759 δεδεμένην,
1285 1632 1487 1717 αὐτὸς
1545 1639 1617 1705 δὲ
1677 1632 1984 1705 άνελθων
2044 1637 2160 1706 ἐπὶ
2215 1638 2293 1705 τὸ

168 1747 369 1827 στέγος
434 1742 652 1827 ἐβόων
718 1767 791 1809 τε
855 1744 967 1808 καὶ
1031 1740 1188 1819 τοῦς
1255 1739 1562 1827 ἑταίρους
1627 1741 2043 1808 συνεκάλουν.
2145 1739 2298 1808 ἐπεὶ

169 1842 227 1907 δὲ
267 1845 631 1931 συνῆλθον,
691 1842 774 1908 τὰ
819 1841 1048 1910 πάντα
1106 1841 1386 1930 ἐμήνυον
1448 1836 1676 1921 αὐτοῖς
1725 1845 1838 1910 καὶ
1881 1842 1965 1909 τά
2009 1868 2084 1910 τε
2128 1836 2299 1910 όστᾶ

171 1943 469 2012 ἐδείκνυον
514 1947 633 2012 καὶ
675 1931 836 2033 ἦγον
881 1943 1013 2011 ἔσω
1060 1943 1235 2032 πρὸς
1277 1943 1398 2030 τὴν
1447 1944 1828 2033 δεδεμένην·
1875 1940 1913 2030 ἡ
1950 1946 2021 2012 δὲ
2062 1938 2301 2012 αὐτίκα

168 2037 320 2130 ὕδωρ
350 2046 611 2133 ἐγένετο
640 2049 752 2114 καὶ
785 2040 1049 2136 ἀφανὴς
1077 2033 1177 2132 ἦν.
1253 2039 1439 2130 ὅμως
1470 2046 1541 2112 δὲ
1571 2045 1647 2114 τὸ
1686 2046 1881 2135 ξίφος
1913 2046 1980 2125 ἐς
2007 2047 2084 2114 τὸ
2119 2041 2298 2135 ὕδωρ

170 2152 406 2235 καθῆκα
451 2147 902 2233 πειρώμενος·
949 2146 1026 2214 τὸ
1068 2148 1140 2213 δὲ
1173 2146 1341 2232 αἷμα
1387 2147 1664 2233 ἐγένετο.
1756 2156 1858 2216 47.
1903 2154 2154 2232 ταχέως
2186 2137 2301 2217 οῦν
2326 2156 2403 2211 47

176 2246 275 2318 ἐπὶ
333 2256 491 2319 ναῦν
560 2252 1003 2329 κατελθόντες
1069 2244 1623 2337 ἀπεπλεύσαμεν·
1697 2255 1805 2320 καὶ
1875 2251 2023 2319 ἐπεὶ
2088 2249 2303 2341 ἡμέρα

175 2346 515 2439 ὑπηύγαζε,
587 2352 707 2420 *civ
772 2348 1054 2441 ἤπειρον
1111 2346 1663 2439 ἀποβλεπόμενοι
1729 2354 2068 2438 εἰκάζομεν
2128 2351 2304 2423 εἶναι

175 2451 276 2540 τὴν
320 2448 686 2541 ἀντιπέραν
726 2458 810 2574 τῇ
853 2448 976 2543 ὑφ’
1029 2450 1212 2542 ἡμῶν
1273 2454 1619 2543 οἰκουμένῃ
1677 2460 1998 2545 κειμένην.
2087 2480 2307 2544 προσ-

178 2556 548 2645 κυνήσαντες
594 2550 660 2622 δ’
715 2583 829 2623 ουν
874 2560 987 2624 καὶ
1032 2555 1565 2643 προσευξάμενοι
1624 2561 1783 2644 περὶ
1839 2562 1972 2625 τῶν
2028 2560 2307 2644 μελλόν-

180 2682 292 2723 των
334 2658 765 2744 ἐσκοποῦμεν,
810 2661 921 2725 καὶ
966 2672 1110 2737 τοῖς
1153 2660 1273 2743 μὲν
1306 2659 1522 2726 ἐδόκει
1554 2658 1835 2744 ἐπιβᾶσι
1864 2660 2069 2746 μόνον
2102 2648 2308 2740 αὖθις

184 2751 381 2826 ὀπίσω
428 2756 873 2849 ἀναστρέφειν
887 2814 904 2843 ,
965 2775 1110 2838 τοῖς
1153 2762 1225 2827 δὲ
1269 2760 1345 2828 τὸ
1393 2762 1515 2846 μὲν
1560 2764 1799 2831 πλοῖον
1857 2757 2059 2830 αὐτοῦ
2102 2791 2309 2831 κατα-

186 2861 399 2945 λιπεῖν,
445 2858 863 2939 ἆνελθόντας
908 2863 980 2929 δὲ
1026 2863 1093 2941 ές
1135 2862 1256 2949 τὴν
1299 2863 1668 2949 μεσόγαιαν
1712 2870 2132 2953 πειραθῆναι
2176 2870 2313 2932 τῶν

187 2960 607 3035 ἐνοικούντων.
696 2964 764 3033 ἓν
809 2959 950 3053 ὅσῳ
996 2966 1068 3031 δὲ
1112 2969 1321 3033 ταῦτα
1353 2965 1814 3089 ἐλογιζόμεθα,
1855 2966 2104 3053 χειμών
2137 2992 2309 3057 σφο-

188 3064 321 3151 δρὸς
363 3068 710 3136 έπιπεσων
756 3071 866 3134 καὶ
919 3068 1354 3153 προσαράξας
1414 3067 1489 3135 τὸ
1553 3069 1810 3158 σκάφος
1866 3074 1964 3157 τῴ
2029 3071 2313 3158 αιγιαλῷ

190 3165 477 3238 διέλυσεν.
567 3166 757 3257 ἡμεῖς
803 3169 874 3235 δὲ
918 3168 1114 3253 μόλις
1159 3168 1613 3258 ἐξενηξάμεθα
1657 3170 1741 3238 τὰ
1800 3164 1983 3239 όπλα
2042 3171 2315 3251 ἕκαστος

190 3272 280 3336 καὶ
324 3273 386 3339 εί
423 3299 489 3340 τι
537 3268 701 3339 αλλο
749 3271 892 3348 οἶός
933 3297 1007 3338 τε
1053 3298 1132 3360 ην
1178 3268 1669 3358 ἁρπασάμενοι.

344 3380 566 3443 Ταῦτα
610 3376 732 3459 μὲν
778 3401 894 3441 οιν
936 3373 1021 3441 τὰ
1066 3374 1256 3461 μέχρι
1301 3379 1420 3462 τῆς
1463 3375 1691 3461 ἑτέρας
1720 3380 1837 3463 γῆς
1884 3352 2317 3460 συνενεχθέν-

193 3496 262 3538 τα
301 3502 409 3559 μοι
457 3478 524 3545 ἐν
566 3481 646 3565 τῇ
694 3476 1000 3564 θαλάττῃ
1047 3478 1158 3543 καὶ
1204 3475 1391 3561 παρὰ
1438 3476 1553 3545 τὸν
1600 3480 1813 3545 πλοῦν
1874 3477 1941 3545 ἐν
1996 3493 2146 3557 ταῖς
2204 3479 2320 3569 νή-

199 3597 321 3655 σοις
345 3580 511 3647 καὶ’
483 3607 551 3648 εν
579 3584 677 3667 τῷ
711 3574 859 3665 άὲρι
888 3582 1002 3645 καὶ
1030 3578 1198 3663 μετὰ
1229 3583 1442 3646 ταῦτα
1475 3579 1542 3647 ἐν
1571 3584 1668 3667 τῷ
1697 3581 1882 3670 κήτει
1923 3585 2037 3649 καὶ
2082 3581 2316 3666 ἐπειδὴ

125 3687 186 3738 141
202 3673 569 3765 ἐξήλθομεν,
615 3680 802 3767 παρά
849 3704 923 3746 τε
967 3694 1109 3758 τοῖς
1152 3674 1366 3768 ἥρωσι
1408 3683 1518 3748 καὶ
1564 3696 1708 3762 τοῖς
1752 3678 2038 3767 ὀνείροις
2079 3686 2189 3751 καὶ
2235 3682 2324 3749 τὰ

202 3781 513 3850 τελευταῖα
558 3781 747 3869 παρὰ
792 3796 936 3860 τοῖς
982 3783 1443 3870 Βουκεφάλοις
1485 3787 1596 3851 καὶ
1654 3798 1804 3863 ταῖς
1840 3778 2300 3862 Ὀνοσκελέαις

204 3878 272 3945 τὰ
315 3884 378 3950 δὲ
421 3885 527 3953 ἐπὶ
574 3888 693 3974 τῆς
735 3888 854 3973 γῆς
898 3883 966 3951 ἐν
1010 3897 1152 3962 τοῖς
1196 3884 1344 3972 ἑξῆς
1387 3887 1680 3970 βιβλίοις
1725 3886 2148 3975 διηγήσομαι.

290 4092 445 4137 Luciam
470 4096 524 4141 11.
551 4099 589 4140 1.
1986 4091 2015 4139 5
