2800 4500
922 258 1368 313 ΔΗΜΩΝΑΚΤΟΣ
1404 261 1569 313 ΒΙΟΣ.
2197 261 2317 319 179

163 451 262 507 χει
305 429 407 511 τῷ
452 425 677 493 πάθει
723 421 945 509 αὐτοῦ,
990 432 1101 496 καὶ
1151 428 1547 511 εἰπόντος),
1550 437 1664 511 ,Τί
1696 416 1831 511 οὖν,
1880 414 1932 495 ὦ
1960 432 2315 517 Δημῶναξ,

167 528 593 617 Πολυδεύκης
625 523 879 613 ἀξιοῑ“,·
921 530 1302 612 ,,Αἰτιᾶταί
1331 538 1450 613 σεξ
1456 532 1701 621 ‘Js'wy,‚
1705 532 1835 613 ,ὅτι
1864 532 1954 620 μὴ
1989 528 2110 621 ἤδη
2144 533 2318 618 πρὸς

168 732 403 801 ἑαυτὸν
449 735 884 821 καθείρξαντι
927 735 1338 822 προσελθών
1382 736 1562 823 ελεγε
1612 737 1829 822 μάγος
1870 762 1944 803 τε
1990 734 2163 804 εἶναι
2205 740 2317 804 καὶ

168 835 509 905 δύνασθαι
539 831 720 924 αὐτῷ
755 831 1106 925 ἀναγαγεῖν
1134 843 1255 905 τοῦ
1285 838 1537 918 παιδὸς
1565 839 1641 906 τὸ
1677 841 1976 921 εἴδωλον,
2023 838 2083 906 εἰ
2112 839 2318 923 μόνον

170 933 346 1025 αὐτῷ
404 954 586 1026 τρεῖς
643 966 831 1019 τινας
874 936 1288 1026 ἀνθρώπους
1331 935 1687 1027 ὀνομάσειε
1729 942 1984 1029 μηδένα
2030 941 2316 1009 πώποτε

168 1041 719 1130 πεπενθηκότας·
786 1042 904 1109 ἐπὶ
968 1045 1143 1110 πολὺ
1212 1044 1286 1110 δὲ
1351 1043 1602 1111 ἐκείνου
1669 1043 2141 1122 ἐνδοιάσαντος
2194 1051 2312 1112 καὶ

170 1137 693 1229 ἀποροῦντος-
716 1138 792 1212 οὗ
821 1144 948 1231 γὰρ
985 1143 1119 1228 εἶχέ
1160 1172 1333 1227 τινα,
1380 1143 1593 1230 οἶμαι,
1640 1146 1861 1214 εἰπεῖν
1904 1150 2208 1214 τοιοῦτον
2235 1184 2309 1194 -

167 1240 421 1327 ,,Εἶτ’“,
468 1246 684 1337 ἔφηΗ
687 1233 762 1329 ,ὦ
805 1250 1040 1334 γελοῖε,
1086 1248 1296 1333 μόνος
1340 1242 1652 1384 ἀφόρητα
1697 1248 1983 1332 πάσχειν
2030 1248 2318 1333 νομίζεις

166 1348 421 1437 μηδένα
464 1345 639 1436 ὁρῶν
682 1354 982 1429 πένθους
1038 1345 1385 1435 αμοιρονς(
1390 1355 1424 1434 ‘3
1468 1355 1572 1419 26.
1629 1356 1756 1418 καὶ
1800 1349 1942 1435 μὴν
1995 1345 2314 1418 κάκείνων
2339 1366 2418 1422 2ss

168 1452 535 1537 καταγελᾶν
576 1445 768 1541 ἠξίου
810 1456 944 1519 τῶν
990 1452 1058 1519 ἐν
1101 1467 1253 1531 ταῖς
1282 1448 1586 1537 ομιλίαις
1620 1453 1804 1520 πάνυ
1858 1446 2160 1539 ἀρχαίοις
2203 1458 2314 1521 καὶ

172 1552 383 1630 ξένοις
426 1548 714 1637 ὀνόμασι
753 1559 1139 1640 χρωμένων·
1199 1554 1298 1622 ἑνὶ
1341 1559 1499 1642 γοῦν
1543 1551 2037 1643 ἐρωτηθέντι(
2005 1549 2131 1621 υπ’
2197 1550 2316 1622 αὗ-

168 1657 283 1720 τοῦ
326 1654 524 1740 λόγον
567 1654 718 1723 τινὰ
759 1659 871 1723 καὶ
912 1652 1371 1742 ὑπεραττικῶς
1418 1651 1896 1744 ἀποκριθέντι,
1955 1649 2145 1742 ,,Ἐγῶ
2191 1662 2313 1741 μέν

171 1778 261 1836 σε,
267 1758 306 1788 “
349 1781 502 1844 εφη,
547 1783 644 1839 ,,ω
677 1756 916 1843 ἑταῖρε,
963 1761 1076 1824 νῦν
1117 1751 1450 1848 ἠρωτησα,
1498 1780 1578 1825 συ
1610 1758 1684 1824 δέ
1711 1784 1830 1842 μοι
1861 1753 1953 1837 ὦς
1984 1752 2096 1824 ἐπ’
2115 1752 2312 1845 Λγα-

168 1861 490 1940 μέμνονος
520 1853 869 1947 ἀποκρίνῃ.
876 1863 915 1892 “
1000 1865 1104 1926 27.
1152 1859 1464 1938 εἰπόντος
1495 1861 1569 1926 δέ
1609 1885 1791 1938 τινος
1832 1864 1968 1926 τῶν
2011 1859 2314 1947 εταίρων,
2346 1876 2417 1932 27

84 1953 582 2043 386,,Απίωμεν,
626 1962 980 2050 Δημῶναξ,
1028 1961 1095 2041 ἐς
1137 1962 1215 2030 τὸ
1261 1957 1729 2051 Ασκληπιεῖον
1773 1967 1882 2030 καὶ
1927 1962 2311 2047 προσευξώ-

170 2066 349 2143 μεθα
371 2057 542 2149 ὖπὲρ
571 2067 691 2130 τοῦ
720 2064 934 2144 υἶοῦ,“
961 2064 1262 2146 ,,Πάνυ“,
1294 2064 1445 2153 ἔφη,
1478 2063 1750 2152 ,,κωφὸν
1770 2060 1895 2153 ἡγῇ
1916 2059 2311 2153 τὸνᾍσκλη-

168 2164 343 2245 πιόν,
392 2164 454 2232 εἰ
497 2164 587 2256 μὴ
620 2165 899 2234 δύναται
940 2163 1304 2234 κάντεῦθεν
1330 2164 1521 2255 ἡμῶν
1567 2161 1936 2253 εὐχομένων
1981 2160 2310 2234 ἀκούεινέ(

175 2270 270 2334 28.
303 2267 462 2336 ἰδών
496 2269 569 2335 δέ
611 2295 781 2337 ποτε
826 2270 943 2337 δύο
988 2269 1179 2348 τινὰς
1225 2271 1649 2360 φιλοσόφους
1689 2272 1933 2359 κομιδῇ
1979 2264 2307 2337 ἀπαιδεό-
2341 2285 2417 2344 28

177 2394 321 2448 τους
384 2370 454 2438 ἐν
500 2371 765 2461 ζητήσει
808 2371 1142 2457 ἐρίζοντας
1184 2376 1297 2440 καὶ
1339 2373 1458 2440 τὸν
1500 2376 1624 2457 μὲν
1668 2369 1900 2440 ἄτοπα
1941 2372 2311 2461 ἐρωτῶντα,
2503 2371 2516 2386 '

177 2471 283 2539 τὸν
313 2473 388 2540 δὲ
419 2467 611 2571 οῇδὲν
642 2472 815 2562 πρὸς
845 2473 1039 2560 λόγον
1085 2469 1634 2560 ἀποκρινόμενον,
1676 2470 1826 2557 ,,Οὖ
1874 2475 2054 2542 δοκεῖ
2095 2471 2316 2558 ὖμῖν,“

180 2573 328 2664 ἔφη,
387 2572 487 2657 ,,ῶ
536 2578 747 2664 φίλοι,
793 2573 829 2644 ὅ
875 2578 997 2660 μὲν
1042 2576 1263 2664 ἕτερος
1306 2578 1562 2644 τούτων
1604 2577 1847 2663 τράγον
1893 2571 2217 2661 ἀμέλγειν,
2269 2572 2304 2644 ὅ

181 2676 243 2744 δὲ
288 2671 472 2764 αὗτῷ
515 2677 818 2746 κόσκινον
860 2675 1349 2762 υποτιθέναι,·“
1393 2685 1495 2746 29.
1541 2673 2030 2766 Αγαθοκλέους
2076 2680 2147 2746 δὲ
2190 2681 2311 2746 τοῦ
2340 2695 2419 2753 29

179 2784 717 2869 Περιπατητικοῦ
769 2786 938 2868 μέγα
995 2785 1402 2870 φρονοῦντος
1465 2781 1573 2849 ότι
1630 2782 1838 2866 μόνος
1905 2776 2105 2861 αυτός
2170 2781 2316 2848 ἐστι

178 2887 278 2950 καὶ
323 2887 594 2973 πρῶτος
634 2887 768 2950 τῶν
813 2885 1256 2966 διαλεκτικῶν,
1304 2884 1516 2973 ἔφη,,
1522 2889 1679 2965 ,Καὶ
1725 2885 1874 2972 μήν,
1923 2910 1976 2949 ω
2031 2879 2317 2970 Ἀγαθό-

178 2987 362 3067 κλεις,
410 2986 472 3052 εἰ
500 2987 620 3069 μὲν
649 2990 937 3074 πρῶτος,
983 2988 1061 3052 ου
1091 2985 1312 3071 μόνος,
1360 2987 1421 3053 εἰ
1467 2987 1539 3053 δὲ
1580 2987 1802 3072 μόνος,
1858 2985 1933 3053 οὗ
1980 2990 2317 3072 πρῶτοςέ(

181 3093 271 3156 30.
318 3088 637 3177 Κεθηγου
695 3089 767 3155 δὲ
815 3092 937 3154 τοῦ
992 3084 1351 3170 ὖπατικοῦ,
1412 3085 1624 3156 ὁπότε
1682 3087 1794 3156 διὰ
1847 3093 1965 3178 τῆς
2001 3084 2307 3165 Ἑλλάδος
2344 3099 2420 3156 30

181 3188 239 3269 ἐς
279 3190 401 3279 τὴν
422 3184 656 3257 Ἀσίαν
702 3184 912 3278 ἀπῄει
954 3190 1384 3277 πρεσβεύσων
1427 3195 1524 3277 τῷ
1554 3198 1799 3280 πατρί,
1845 3189 2068 3257 πολλὰ
2113 3215 2316 3255 κατα-

179 3295 460 3379 γέλαστα
502 3297 615 3361 καὶ
660 3296 965 3380 λέγοντος
1005 3297 1119 3361 καὶ
1149 3297 1530 3375 ποιοῦντος,
1578 3293 1810 3381 ἐπειδὴ
1857 3296 1989 3359 τῶν
2035 3292 2317 3376 ἑταίρων

178 3422 274 3475 τις
315 3393 495 3484 ὅρῶν
538 3399 748 3463 ταῦτα
793 3394 1011 3480 ἔλεγεν
1057 3392 1258 3462 αὐτὸν
1298 3401 1468 3483 μέγα
1509 3395 1834 3481 κάθαρμα
1881 3391 2085 3475 εἶναι,
2142 3392 2315 3475 ,,Μὰ

100 3499 285 3565 387τὸν
312 3498 506 3579 Δί’,“
536 3497 665 3587 ’έφη
697 3494 733 3564 ὅ
764 3498 1120 3586 Δημῶναξ,
1152 3491 1352 3579 »οὐδὲ
1384 3501 1618 3583 μέγα.“
1682 3502 1781 3565 31.
1828 3500 1941 3564 καὶ
1963 3491 2309 3563 Ἀπολλώ-
2344 3507 2416 3561 31

179 3627 312 3668 νιον
357 3602 431 3668 δέ
475 3625 648 3668 ποτε
689 3598 807 3666 τὸν
852 3599 1233 3687 φιλόσοφον
1281 3598 1444 3665 ἰδών
1478 3598 1648 3684 μετὰ
1692 3601 1966 3665 πολλῶν
2010 3601 2141 3664 τῶν
2182 3624 2315 3683 μα-

177 3706 399 3790 θητῶν
445 3702 878 3781 ἐξελαύνοντα
907 3697 1143 3791 -ἤδη
1191 3701 1263 3768 δὲ
1309 3696 1514 3789 ἀπῄει
1541 3700 2025 3786 μετάπεμπτος
2062 3695 2154 3777 ιῦς
2198 3699 2316 3765 ἐπὶ

180 3806 455 3894 παιδείᾳ
496 3809 594 3892 τῷ
636 3805 905 3889 βασιλεῖ
945 3803 1382 3888 συνεσόμενος
1427 3843 1512 3852 -
1552 3806 2119 3889 ,,Προσέρχεται,“
2164 3799 2312 3888 ἔφη,

177 3899 666 3985 »Ἀπολλώνιος
685 3909 795 3973 καὶ
821 3899 1324 3993 οἱᾌργοναῦται
1356 3899 1624 3973 αὖτοῦ.“
1687 3910 1788 3972 32.
1818 3901 2021 3971 ἄλλου
2047 3904 2119 3968 δέ
2142 3927 2312 3968 ποτε
2343 3915 2418 3970 32

184 4002 488 4091 ἐρομένου
522 4007 582 4074 εἰ
613 4002 958 4086 ἀθάνατος
989 4002 1170 4094 αὐτῷ
1214 4004 1250 4095 ἡ
1301 4006 1477 4094 ψυχὴ
1512 4006 1693 4073 δοκεῖ
1738 4003 1929 4087 εἶναι,
1974 4001 2313 4086 ,,Άθάνα-

1916 4110 2009 4158 12*
