2800 4500
909 306 1360 362 ΔΗΜΩΝΔΚΤΟΣ
1395 307 1561 360 ΒΙΟΣ.
2191 302 2310 361 177

168 471 550 567 εὐαπάτητα
583 503 747 561 εχων
777 475 860 543 τὰ
892 503 1034 544 ωτα
1038 482 1097 544 ‘.‘
1173 476 1546 599 ἐγκειμένου
1593 477 1664 543 δὲ
1694 479 1813 543 τοῦ
1844 479 2169 563 σοφιστοῦ
2201 480 2312 542 καὶ

165 578 556 665 ἐρωτῶντος,
592 586 786 664 ,,τίνα
819 581 891 646 δὲ
920 583 1027 646 καὶ
1064 579 1361 669 ἐφόδια’
1339 580 1525 662 ε’χων,
1559 607 1610 645 ω
1644 580 1999 668 Δημῶναξ,
2049 578 2116 645 ἐκ
2146 604 2311 646 παι·

164 683 302 761 δίας
361 708 429 760 ες
489 684 907 771 φιλοσοφίαν
957 707 1171 771 ηκειςς
1185 687 1225 717 “
1265 679 1629 769 ,,’Όρχειςβ
1590 685 1629 715 “
1680 680 1831 770 ἔφη.
1925 688 2022 749 13.
2071 676 2309 748 αλλοτε
2344 688 2419 745 18

165 783 229 849 δέ
268 809 441 851 ποτε
485 780 522 851 6
575 778 778 862 αὐτὸς
822 778 1294 872 προσελθών’
1258 784 1488 875 ηρώτα
1530 783 1647 851 τὸν
1675 783 2114 871 Δημώνακτα,
2161 790 2312 850 τίνα

164 886 413 973 αἵρεσιν
460 880 836 967 ἀσπάζεται
880 888 1135 972 μᾶλλον
1181 912 1248 953 εν
1293 889 1702 1008 φιλοσοφίᾳ·
1755 881 1789 953 6
1837 885 1928 966 δέ,
1974 892 2145 967 ,,Τίς
2186 885 2311 972 γάρ

162 1011 261 1056 σοι
291 981 556 1056 εἶπεν”
516 1015 622 1056 οτι
656 990 1087 1077 ‹palooocpu'k‘
1090 992 1247 1057 ‘nal
1281 983 1509 1057 ἀπιών
1538 985 1662 1079 ἤδη
1700 985 1858 1075 παρ’
1896 980 2099 1054 αυτοῦ
2129 985 2312 1069 μάλα

159 1086 274 1175 ἦδύ
324 1090 673 1178 ἐγέλασεν·
720 1095 838 1158 τοῦ
870 1090 1001 1158 δὲ’
972 1091 1449 1179 ερωτήσαντος,
1498 1085 1610 1180 ἐφ’
1662 1117 1798 1177 οτῳ
1839 1092 2017 1178 γελᾷ,
2066 1088 2312 1166 ἐκεῖνος

161 1192 311 1281 ἔφη,
358 1245 400 1275 ,,
381 1193 685 1273 ,Γελοῖόν
727 1219 848 1278 μοι
893 1190 1066 1261 εἶναι
1111 1193 1353 1276 ἔδοξεν,
1410 1192 1470 1261 εἰ
1516 1191 1595 1259 σὺ
1641 1186 1778 1260 ἀπὸ
1825 1196 1946 1259 τοῦ
1989 1191 2312 1278 πώγωνος

161 1288 373 1373 ἀξιοῖς
414 1300 772 1381 κρίνεσθαι
814 1294 973 1373 τοὺς
1017 1297 1561 1384 φιλοσοφοῦντας
1610 1288 1811 1373 αὐτὸς
1855 1293 2149 1380 πώγωνα
2194 1286 2312 1360 οὐκ

159 1395 382 1479 ἔχων.“
465 1405 565 1464 14.
608 1402 730 1466 τοῦ
776 1398 847 1465 δὲ
878 1398 1207 1466 Σιδωνίου
1244 1399 1416 1465 ποτὲ
1448 1391 2155 1486 σοφιστοῦᾎθήνησιν
2203 1393 2309 1461 εὖ·
2337 1404 2410 1460 14

159 1498 588 1585 δοκιμοῦντος
616 1504 728 1567 καὶ
762 1503 1067 1588 λέγοντος
1110 1496 1280 1589 ὖπὲρ
1328 1498 1533 1567 αὖτοῦ
1579 1499 1858 1568 ἔπαινόν
1904 1525 2055 1567 τινα
2084 1501 2310 1565 τοιοῦ-

154 1626 294 1683 τον,
361 1595 470 1670 ὅτι
515 1604 740 1691 πάσης
800 1605 1216 1691 φιλοσοφίας
1258 1609 1672 1686 πεπείραται
1717 1641 1802 1652 —-
1848 1595 1922 1668 οὗ
1965 1615 2186 1685 χεῖρον
2235 1600 2308 1665 δὲ

158 1697 318 1771 αὐτὰ
368 1704 587 1772 εἰπεῖν
633 1705 676 1771 ἃ
721 1704 1034 1792 ἔλεγεν,
1038 1700 1203 1787 ,Ἐὰν
1239 1699 1688 1792 Ἀριστοτέλης
1729 1729 1812 1789 με
1846 1704 2032 1791 καλῇ,
2081 1696 2192 1768 ἐπὶ
2225 1700 2302 1768 τὸ

155 1805 442 1875 Λύκειον
502 1807 788 1893 ε’ψομαι·
853 1834 934 1875 αν
979 1807 1304 1889 Πλάτων,
1367 1807 1483 1875 ἐπὶ
1530 1805 1649 1893 τὴν
1670 1804 2080 1894 Ακαδημίαν
2138 1797 2305 1890 ἀφί-

157 1906 380 1991 ξομαι·
442 1937 523 1978 αν
568 1906 838 1998 Ζηνων,
901 1909 969 1978 ἐν
1012 1913 1094 1998 τῇ
1138 1912 1426 1997 Ποικίλῃ
1495 1909 1867 1994 διατρίψω·
1930 1935 2010 1974 αν
2056 1912 2306 1974 Πυθα-

75 2009 349 2094 382γόρας
404 2013 597 2099 καλῇ,
667 2011 1128 2139 σιωπήσομαι.
1231 2005 1528 2089 ἀναστὰς
1593 2036 1709 2077 ουν
1768 2009 1837 2077 ἐκ
1891 2014 2115 2093 μέσων
2171 2034 2306 2073 των

159 2103 609 2199 ἀκροωμένων,
666 2107 917 2196 Οὗτος,
966 2114 1095 2203 ε’φη
1140 2136 1538 2198 προσειπων
1581 2110 1657 2179 τὸ
1707 2106 1951 2196 όνομα,
1997 2112 2185 2177 καλεῖ
2230 2132 2305 2175 σε

156 2214 584 2302 Πυθαγόρας.
677 2223 777 2284 15.
826 2214 1164 2294 Πύθωνος
1222 2215 1295 2282 δέ
1350 2239 1533 2294 τινος
1590 2217 1720 2283 τῶν
1780 2212 1847 2281 ἐν
1905 2213 2304 2300 Μακεδονίᾳ
2334 2223 2408 2278 15

158 2308 559 2406 εὐπαρύφων
627 2324 976 2385 νεανίσκου
1044 2315 1296 2405 ώραίου
1366 2316 1872 2405 ἐρεσχηλοῦντος
1930 2309 2133 2383 αὐτὸν
2188 2318 2300 2381 καὶ

158 2425 620 2503 προτείνοντος
680 2420 988 2509 ἐρώτημά
1039 2447 1108 2488 τι
1166 2418 1564 2510 σοφιστικὸν
1621 2421 1732 2486 καὶ
1777 2418 2159 2495 κελεύοντος
2205 2416 2299 2483 εἷ-

159 2532 303 2586 πεῑν
330 2524 451 2587 τοῦ
491 2523 936 2608 συλλογισμοῦ
963 2521 1082 2611 τὴν
1114 2520 1322 2603 λύσιν,
1367 2514 1548 2602 ,,Ἕν“
1595 2520 1744 2610 ἔφη,
1789 2517 2007 2602 ,,οἶδα,
2052 2524 2297 2598 τέκνον,

159 2611 259 2688 ὅτι
284 2627 637 2711 περαίνῃ.“
696 2618 1272 2710 ἀγανακτήσαντος
1303 2624 1375 2690 δὲ
1422 2623 1670 2690 ἐκείνου
1716 2622 1832 2690 ἐπὶ
1875 2626 1971 2709 τῷ
2014 2626 2131 2710 τῆς
2176 2614 2300 2704 ἀμ-

162 2726 465 2809 φιβολίας
522 2726 873 2810 σκώμματι
929 2730 1039 2793 καὶ
1101 2727 1742 2813 συναπειλήσαντος,
1816 2720 2128 2808 ,,Αύτίκα
2188 2747 2298 2792 σοι

160 2825 327 2906 μάλα
370 2827 490 2894 τὸν
536 2823 747 2912 ἄνδρα
795 2828 1056 2909 δείξω“,
1101 2824 1136 2895 o‘
1186 2829 1258 2894 δὲ
1305 2827 1425 2895 σὺν
1468 2830 1708 2914 γέλωτι
1749 2821 2132 2916 ἦρώτησεΗ
2136 2831 2296 2909 ,Καὶ

161 2925 274 3015 γὰρ
319 2924 594 3013 άνδρα’
575 2930 780 3055 e'xe‘cffl
784 2934 823 2964 “
875 2937 973 2998 16.
1007 2929 1154 2998 επεὶ
1187 2930 1261 2996 δέ
1286 2955 1391 3009 τις
1424 2925 1728 3019 ἀθλητὴς
1771 2933 2297 3017 καταγελασθεὶς
2328 2941 2400 2996 16

162 3023 269 3094 ὑπ’
352 3024 589 3113 αὐτοῦ,
665 3030 774 3100 ότι
849 3031 1110 3120 ἐσθῆτα
1182 3027 1392 3121 ωφθη
1473 3026 1759 3119 ἀνθινὴν
1835 3027 2297 3118 ἀμπεχόμενος

155 3120 653 3221 Ολυμπιονίκης
698 3129 824 3215 ών,
874 3132 1204 3213 επάταξεν
1251 3127 1454 3201 αὗτὸν
1502 3133 1569 3212 ἐς
1612 3133 1728 3223 τὴν
1773 3133 2069 3224 κεφαλὴν
2115 3136 2294 3220 λίθῳ

160 3235 254 3300 καὶ
312 3233 479 3320 αἷμα
540 3234 768 3325 ερρύη,
838 3235 907 3303 οἱ
964 3236 1085 3320 μὲν
1130 3235 1461 3322 παρόντες
1507 3231 1911 3325 ἠγανάκτουν
1956 3231 2047 3313 ὥς
2093 3230 2295 3313 αυτὸς

162 3331 418 3416 ἕκαστος
462 3342 958 3426 τετυπτημένος
1013 3341 1125 3404 καὶ
1170 3338 1380 3423 εβόων
1430 3337 1545 3405 ἐπὶ
1590 3337 1707 3405 τὸν
1752 3333 2151 3405 ἀνθύπατον
2198 3337 2293 3404 ἰέ-

160 3461 274 3519 ναι,
304 3435 338 3505 6
377 3440 450 3506 δὲ
478 3440 893 3527 Δημῶναξ,
897 3441 1341 3567 ,Μηδαμῶςβ
1371 3439 1570 3530 ἐ’φη,,
1574 3467 1649 3523 ,ω
1683 3436 1935 3529 ανδρες,
1971 3439 2146 3526 πρὸς
2174 3440 2292 3508 τὸν

160 3529 562 3623 ἀνθύπατον,
596 3535 735 3607 ἀλλ’
767 3540 880 3609 ἐπὶ
906 3540 1025 3609 τόν
1051 3541 1342 3629 ἷατρόν.,,
1407 3549 1503 3609 17.
1529 3541 1681 3611 επεὶ
1705 3544 1778 3610 δέ
1809 3569 1976 3611 ποτε
2004 3548 2116 3611 καὶ
2134 3570 2292 3631 χρυ·
2330 3550 2400 3607 17

159 3644 305 3708 σοῦν
351 3643 705 3711 δακτύλιον
752 3640 894 3730 ὁδῷ
934 3644 1224 3729 βαδίζων
1270 3639 1439 3733 εὗρε,
1485 3659 1935 3733 γραμματεῖον
1968 3644 2036 3712 ἒν
2081 3640 2292 3735 ἀγορᾷ

159 3748 434 3828 προθεὶς
476 3739 669 3835 ἠξίου
714 3745 833 3813 τὸν
881 3741 1340 3824 ἀπολέσαντα,
1388 3739 1582 3824 όστις
1626 3747 1726 3836 εἴη
1772 3751 1892 3815 τοῦ
1938 3748 2290 3815 δακτυλίου

81 3842 503 3937 meon-dmg,
562 3841 745 3937 ἥκειν
789 3851 901 3915 καὶ
951 3848 1231 3916 εἰπόντα
1276 3845 1479 3937 ὁλκὴν
1528 3844 1731 3917 αὐτοῦ
1774 3854 1887 3919 καὶ
1934 3853 2134 3918 λίθον
2178 3853 2290 3917 καὶ

156 3946 352 4017 τύπον
409 3944 955 4036 ἀπολαμβάνειν·
1000 3946 1151 4040 ἧκεν
1211 3938 1325 4018 οὖν
1381 3977 1490 4030 τις
1556 3959 1980 4039 μειρακίσκος
2040 3949 2292 4039 ώραῖος

162 4041 342 4129 αὐτὸς
386 4054 891 4120 ἀπολωλεκέναι
948 4055 1172 4140 λέγων.
1262 4053 1413 4121 ἐπεὶ
1474 4054 1545 4120 δὲ
1593 4048 1782 4121 ούδὲν
1828 4052 2005 4140 ὑγιὲς
2050 4055 2286 4142 ἔλεγεν,

247 4159 409 4205 Luciam
437 4162 495 4206 11.
529 4165 567 4205 1.
1919 4159 1980 4208 12
