2800 4500
1025 248 1605 303 ΤΥΡΑΝΝΟΚΤΟΝΟΣ.
2309 250 2343 309 7
2357 252 2389 309 1

232 438 341 480 νεν
386 405 429 503 ἢ
474 416 543 482 εἴ
581 441 686 493 τις
728 416 817 505 μὴ
869 411 1068 495 αὐτὸς
1111 419 1231 501 μὲν
1263 411 1616 486 ἀπέκτεινε
1642 419 1809 508 μηδὲ
1838 424 1920 507 τῇ
1944 424 2120 508 χειρὶ
2151 421 2392 507 ἔδρασε

129 537 216 587 150
233 516 309 585 τὸ
360 516 572 604 ἔργον,
618 513 948 609 ἠνάγκασε
995 519 1068 586 δὲ
1110 521 1223 586 καὶ
1268 524 1599 604 παρέσχεν
1646 515 1958 609 ἀφορμὴν
2001 526 2122 589 τοῦ
2155 523 2388 610 φόνου,

232 620 317 688 τὰ
363 622 485 687 ἰ’σα
528 624 641 688 καὶ
686 626 922 688 τοῦτον
970 615 1153 700 ἀξιοῖ
1195 619 1230 689 ό
1286 621 1490 707 νόμος
1550 617 1751 691 αὐτὸν
1811 618 2389 706 ἀντικολάζεσθαι,

229 724 416 807 μάλα
476 724 783 802 δικαίως·
842 726 954 790 καὶ
1009 722 1135 811 γάρ
1189 717 1513 811 ἠβούλετο
1569 730 1669 812 τῷ
1727 732 2179 815 πεπραγμένῳ
2237 728 2389 794 ἰ’σον

227 831 590 912 γίγνεσθαι
646 824 721 893 τὸ
783 830 903 916 τῆς
962 825 1215 905 αἰτίας·
1304 829 1418 894 καὶ
1476 827 1756 916 περιττὴ
1814 825 1852 915 ἡ
1915 828 2213 908 ἐξέτασις
2268 835 2389 898 τοῦ

229 929 493 1014 τρόπου
537 931 655 1016 τῆς
701 931 980 1015 σφαγῆς.
1070 925 1214 996 εἶτα
1271 927 1391 997 τὸν
1446 929 1567 1013 μὲν
1629 925 1840 1009 οὕτως
1899 924 2388 1000 ἀποκτείναντα

225 1029 535 1111 κολάζειν
579 1027 672 1108 ὥς
717 1025 1134 1119 ἀνδροφόνον
1180 1032 1468 1110 δικαιοῖς
1512 1035 1622 1099 καὶ
1682 1026 1992 1119 οὐδαμῶς
2050 1028 2386 1119 ἀφεῖσθαι

226 1137 483 1215 θέλεις,
527 1133 647 1202 τὸν
691 1135 761 1201 δὲ
806 1133 975 1201 κατὰ
1020 1134 1137 1201 τὸν
1182 1129 1384 1202 αὐτὸν
1426 1135 1643 1222 τούτῳ
1687 1136 1943 1223 τρόπον
1989 1135 2060 1204 εὖ
2091 1162 2386 1228 πεποιη-

227 1237 395 1303 κότα
439 1235 561 1325 τὴν
606 1236 808 1304 πόλιν
853 1230 929 1304 οὗ
974 1241 1106 1303 τῶν
1151 1233 1406 1320 ὁμοίων
1452 1233 1765 1317 αξιώσεις
1804 1253 1949 1318 τοῖς
1980 1233 2386 1326 ευεργέταις,·

234 1347 334 1408 13.
383 1332 541 1405 οὐδὲ
583 1364 709 1425 γαρ
756 1339 962 1406 εκεῖνο
1010 1366 1092 1406 αν
1136 1339 1311 1422 ἔχοις
1356 1342 1599 1428 λέγειν,
1659 1337 1754 1420 ὥς
1797 1335 1923 1428 εγω
1966 1344 2086 1428 μὲν
2145 1340 2382 1424 ἆπλιῦς
2412 1363 2489 1420 13

229 1437 393 1510 αὐτὸ
444 1441 726 1528 έπραξα,
769 1436 1191 1532 ἠκολούθησε
1236 1443 1309 1509 δέ
1343 1469 1412 1510 τι
1441 1445 1630 1522 τέλος
1661 1440 1880 1523 αλλως
1903 1445 2191 1535 χρηστὸν
2222 1442 2385 1531 εμοῦ

225 1545 319 1635 μὴ
365 1544 804 1634 θελήσαντος.
891 1551 964 1612 τί
1002 1545 1130 1632 γὰρ
1176 1545 1275 1613 ε’τι
1320 1540 1601 1614 εδεδίειν
1641 1551 1762 1614 τοῦ
1807 1547 2227 1636 ἰσχυροτέρου
2257 1570 2385 1616 πε-

226 1653 681 1736 φονευμένου,·
735 1654 804 1715 τί
850 1647 924 1714 δὲ
964 1650 1330 1715 κατέλιπον
1374 1647 1452 1717 τὸ
1503 1643 1766 1738 §apos-³
1744 1675 1812 1716 εν
1861 1654 1944 1739 τῇ
2001 1655 2260 1740 σφαγῇ,
2322 1651 2383 1719 ει

226 1749 321 1839 μὴ
366 1749 643 1828 πάντως
687 1748 761 1816 τὸ
811 1744 1131 1833 εσόμενον
1177 1744 1336 1818 αὐτὸ
1400 1753 2022 1841 προεμαντευόμην;
2079 1748 2265 1832 εκτὸς
2323 1754 2384 1821 εἰ

225 1852 318 1940 μὴ
364 1856 565 1920 τοῦτο
612 1877 775 1941 φης,
835 1849 926 1931 ὥς
972 1847 1048 1920 οὗ
1093 1854 1413 1938 τύραννος
1455 1851 1490 1922 ὁ
1539 1855 1834 1935 τεθνεώς
1887 1843 1968 1944 ἦν
2026 1852 2178 1924 οὐδὲ
2221 1857 2383 1925 ταύ-

159 2017 173 2031 ,
224 1983 349 2045 την
396 1953 531 2039 εἶχε
571 1956 692 2043 τὴν
736 1962 1214 2047 προσηγορίαν,
1261 1952 1416 2026 ουδὲ
1448 1952 1757 2045 δωρεας’
1734 1952 1847 2025 εντ’
1887 1953 2070 2046 αὐτῷ
2102 1961 2379 2078 πολλάς,

226 2189 409 2243 ποις.
498 2161 643 2231 εἶτα
673 2169 792 2231 τοῦ
820 2160 1144 2252 τυράννου
1175 2170 1676 2255 πεφονευμένου
1705 2168 1805 2252 τῷ
1832 2163 1953 2253 τὴν
1986 2160 2210 2232 αἰτίαν
2241 2188 2381 2230 πα-

224 2267 545 2354 ρασχόντι
586 2270 706 2358 τῆς
750 2273 1013 2356 σφαγῆς
1057 2263 1173 2335 οὐκ
1219 2263 1606 2347 ἀποδώσεις
1647 2268 1768 2356 τὴν
1813 2267 2099 2354 δωρεάν;
2160 2257 2216 2332 ὦ
2260 2270 2379 2353 τῆς

221 2372 899 2459 πολυπραγμοσύνης.
987 2374 1176 2455 μέλει
1222 2373 1294 2438 δέ
1351 2394 1493 2453 σοι,
1554 2375 1703 2449 πῶς
1760 2364 2138 2451 ἀπέθανεν,
2201 2362 2379 2436 ἄπο-

223 2473 497 2540 λαύοντι
539 2478 659 2560 τῆς
701 2468 1124 2559 ἐλευθερίας,
1180 2465 1222 2562 ἢ
1266 2473 1382 2541 τὸν
1439 2473 1560 2559 τὴν
1618 2475 2067 2560 δημοκρατίαν
2124 2467 2380 2539 ἄποδος·-

220 2575 486 2643 δωκότα
530 2576 1002 2664 περιττότερόν
1046 2601 1116 2644 τι
1152 2590 1687 2665 προσαπαιτεῖς,-
1728 2582 1950 2642 καίτοι
1980 2568 2019 2641 3
2047 2600 2121 2661 γε
2150 2575 2373 2660 νόμος,

220 2675 312 2757 ὥς
356 2678 510 2768 φής,
557 2678 633 2746 τὸ
679 2680 1047 2767 κεφάλαιον
1091 2677 1379 2760 ἐξετάζει
1423 2682 1559 2745 τῶν
1589 2683 2099 2765 πεπραγμένων,
2144 2677 2229 2744 τὰ
2263 2676 2375 2746 διὰ

216 2786 429 2866 μέσου
476 2782 549 2848 δὲ
593 2781 819 2848 πάντα
864 2781 942 2870 ἐᾷ
981 2784 1095 2848 καὶ
1155 2777 1373 2849 οὐκέτι
1432 2782 2001 2869 πολυπραγμονεῖ.
2090 2788 2161 2848 τί
2215 2781 2378 2868 γάρ,·

218 2879 368 2967 οὐχὶ
410 2888 525 2976 καὶ
570 2883 888 2963 ἐξελάσας
930 2909 1037 2962 τις
1081 2884 1400 2973 τύραννον
1444 2880 1570 2974 ἤδη
1627 2884 1826 2973 τιμὴν
1883 2885 2081 2971 ἔλαβε
2138 2911 2379 2972 τυραν-

217 2987 572 3069 νοκτόνους
635 2990 746 3054 καὶ
805 2987 986 3072 μάλα
1052 2987 1361 3066 δικαίως·
1432 2987 1823 3075 ἐλευθερίαν
1884 2987 2010 3075 γὰρ
2076 2982 2376 3069 κάκεῖνος

217 3083 374 3156 ἀντὶ
422 3089 730 3168 δουλείας
774 3095 1214 3177 παρέσχηται.
1303 3089 1378 3157 τὸ
1430 3090 1502 3157 δὲ
1544 3084 1665 3157 ὕπ’
1733 3090 1893 3175 ἐμοῦ
1948 3097 2374 3179 γεγενημένον

215 3185 294 3258 οὗ
340 3190 517 3280 φυγὴ
567 3186 720 3259 οὐδὲ
766 3194 1077 3279 δευτέρας
1121 3191 1641 3271 ἐπαναστάσεως
1686 3192 1910 3274 ἐλπίς,
1969 3187 2139 3260 ἀλλὰ
2198 3219 2374 3260 παν-

212 3293 411 3384 τελὴς
453 3300 857 3381 καθαίρεσις
900 3298 1011 3363 καὶ
1056 3297 1502 3381 πανωλεθρία
1546 3295 1802 3374 παντὸς
1845 3300 1964 3362 τοῦ
2005 3301 2232 3382 γένους
2259 3300 2368 3363 καὶ

213 3396 493 3482 ῥιζόθεν
534 3395 611 3463 τὸ
662 3395 881 3465 δεινὸν
927 3390 1113 3464 ἅπαν
1158 3397 1645 3481 ἐκκεκομμένον.
1739 3405 1836 3465 14.
1881 3405 1995 3465 καί
2036 3423 2155 3482 μοι
2198 3399 2373 3488 πρὸς
2400 3421 2476 3478 14

213 3502 403 3566 θεῶν
446 3495 573 3587 ἤδη
622 3492 752 3564 ἄπ’
807 3495 1006 3589 ἀρχῆς
1052 3499 1119 3578 ές
1161 3501 1369 3581 τέλος,
1419 3500 1479 3566 εἰ
1517 3501 1714 3582 δοκεῖ,
1761 3500 1987 3567 πάντα
2019 3499 2374 3580 ἐξετάσατε

116 3619 198 3669 152
217 3601 284 3669 εἴ
322 3627 393 3669 τι
435 3605 572 3668 τῶν
617 3600 792 3688 πρὸς
835 3601 952 3669 τὸν
999 3602 1201 3686 νόμον
1246 3603 1787 3687 παραλέλειπται
1828 3607 1943 3670 καὶ
1988 3603 2049 3669 εἰ
2102 3602 2277 3672 ἐνδεῖ
2304 3630 2372 3672 τι

211 3708 347 3772 τῶν
394 3718 758 3790 προσεῖναι
802 3698 1216 3792 ὀφειλόντων
1259 3704 1776 3791 τυραννοκτόνῳ.
1865 3709 2103 3791 πρῶτα
2130 3706 2252 3789 μὲν
2285 3704 2364 3795 δὴ

211 3807 483 3895 γνώμην
557 3806 1017 3892 προϋπάρχειν
1077 3807 1198 3895 χρὴ
1273 3807 1380 3873 καὶ
1448 3813 1756 3894 γενναίαν
1819 3810 1933 3875 καὶ
2001 3807 2369 3896 φιλόπολιν

210 3913 324 3977 καὶ
369 3906 507 3995 πρὸ
555 3911 691 3974 τῶν
733 3912 970 3975 κοινῶν
1012 3907 1410 3975 κινδυνεύειν
1456 3909 1830 3976 ἐθέλουσαν
1874 3912 2112 3994 καὶτῷ
2143 3909 2367 3995 οἰκείῳ

210 4011 503 4097 θανάτῳ
549 4008 669 4099 τὴν
712 4014 843 4076 τῶν
889 4012 1157 4076 πολλῶν
1204 4017 1538 4098 σωτηρίαν
1570 4004 2011 4098 ὠνησομένην.
2103 3997 2212 4095 ἆρ’
2253 3996 2368 4077 οὖν
