2800 4500
447 239 528 296 60
1332 239 1615 292 ΛΟΥΚΙΑΝ
1619 239 1701 291 ΟΥ

448 404 618 474 ἄλλα
662 411 942 475 τοιαῦτα
986 415 1482 496 κεκοσμημένοι.
1562 407 1856 485 πολλοῦς
1887 410 1958 475 δὲ
1990 408 2209 475 αὐτῶν
2240 413 2356 476 καὶ
2402 408 2612 496 ἐγνω-

447 516 726 596 ρίσαμεν
771 511 989 577 πάλαι
1021 505 1189 594 παρ’
1240 507 1398 598 ἡμῖν
1429 509 1811 596 ἑωρακότες,
1858 515 1926 577 οἳ
1956 511 2035 600 δὴ
2066 515 2178 578 καὶ
2209 511 2609 598 προσῄεσαν

444 614 556 678 καὶ
585 606 966 701 ἠσπάζοντο
999 608 1090 690 ῶς
1123 603 1203 678 ἂν
1232 615 1343 678 καὶ
1389 612 1707 699 συνήθεις
1750 611 2179 698 ὑπάρχοντες,
2227 617 2343 680 καὶ
2374 639 2608 699 παρα-

448 714 762 799 λαβόντες
819 710 996 800 ἡμᾶς
1046 717 1159 781 καὶ
1212 721 1805 797 κατακοιμίσαντες
1862 715 2042 781 πάνυ
2103 718 2434 801 λαμπρῶς
2490 719 2608 780 καὶ

447 816 679 895 δεξιῶς
746 815 1058 895 ἐξένιζον,
1126 816 1244 902 τήν
1300 843 1373 883 τε
1441 813 1644 904 άλλην
1709 815 2046 904 ὑποδοχὴν
2111 820 2610 904 μεγαλοπρεπῆ

444 918 1058 996 κατασκευάσαντες
1122 921 1234 984 καὶ
1300 916 1820 1004 ὑπισχνούμενοι
1883 922 2206 1004 βασιλέας
2262 944 2339 985 τε
2400 919 2610 1007 ποιή-

446 1044 587 1088 σειν
643 1024 753 1087 καὶ
814 1019 1187 1109 σατράπας.
1278 1020 1446 1088 ἔνιοι
1504 1023 1577 1088 δὲ
1631 1025 1744 1088 καὶ
1805 1015 2066 1111 ἆπῆγον
2120 1019 2300 1111 ἡμᾶς
2364 1020 2433 1098 ἐς
2482 1019 2612 1100 τὰς

446 1124 782 1209 πατρίδας
837 1127 948 1190 καὶ
1005 1122 1161 1200 τοὺς
1218 1122 1503 1200 οἰκείους
1564 1121 1987 1190 ἐπεδείκνυον
2042 1127 2156 1190 καὶ
2210 1118 2612 1213 αὐθημερὸν

357 1225 796 1314 35ἐπανῆγον.
889 1232 990 1293 35.
1036 1221 1285 1313 ἡμέρας
1321 1226 1442 1308 μὲν
1475 1210 1589 1292 οῦν
1633 1224 1991 1312 τριάκοντα
2021 1228 2131 1293 καὶ
2163 1226 2325 1304 ἰ’σας
2371 1226 2614 1304 νύκτας

445 1324 616 1411 παρ’
696 1327 921 1404 αὐτοῖς
997 1324 1346 1412 ἐμείναμεν
1432 1327 1875 1404 καθεύδοντες
1947 1329 2060 1394 καὶ
2136 1323 2610 1412 εὐωχούμενοι.

445 1427 681 1494 ἔπειτα
729 1424 923 1516 ὄῖφνω
974 1433 1256 1518 βροντῆς
1311 1430 1600 1516 μεγάλης
1656 1435 2183 1516 καταρραγείσης
2243 1424 2611 1516 ἀνεγρόμε-

446 1556 550 1598 νοι
579 1534 691 1597 καὶ
730 1525 1184 1617 ἀναθορόντες
1231 1527 1613 1621 ἀνήχθημεν
1658 1531 2225 1616 ἐπισιτισάμενοι.
2305 1546 2611 1619 τριταῖοι

445 1626 509 1697 δ’
583 1633 843 1699 ἐκεῖθεν
899 1639 979 1721 τῇ
1034 1628 1300 1722 Ὠγυγίᾳ
1369 1634 1547 1723 νήσῳ
1613 1634 2066 1718 προσσχόντες
2134 1632 2609 1719 ἐπιβαίνομεν.

442 1735 773 1822 πρότερον
832 1729 893 1801 δ)
961 1735 1085 1823 ἐγώ
1146 1736 1351 1812 λύσας
1407 1735 1524 1824 τὴν
1585 1735 1948 1822 ἐπιστολὴν
2017 1731 2466 1822 ἀνεγίνωσκον
2522 1735 2610 1802 τὰ

440 1843 872 1930 γεγραμμένα.
965 1837 1045 1925 ἦν
1092 1840 1163 1904 δὲ
1209 1838 1471 1905 τοιάδε·
1517 1832 1910 1919 ,,Ὀδυσσεῦς
1952 1840 2280 1924 Καλυψοῖ
2319 1845 2608 1924 χαίρειν.

444 1936 612 2007 Ἰσθι
654 1965 755 2025 με,
804 1937 894 2018 ῶς
939 1940 1021 2006 τὰ
1070 1944 1309 2026 πρῶτα
1356 1940 1720 2018 ἐξέπλευσα
1768 1941 1954 2026 παρὰ
2003 1945 2124 2006 σοῦ
2163 1939 2284 2029 τὴν
2332 1941 2611 2024 σχεδίαν

441 2044 1136 2127 κατασκευασάμενος,
1194 2049 1478 2130 ναυαγίᾳ
1525 2042 1944 2130 χρησάμενον
1987 2043 2184 2126 μόλις
2227 2039 2368 2110 ὑπὸ
2419 2050 2611 2110 Λευ-

440 2151 692 2224 κοθέας
751 2147 1180 2233 διασωθῆναι
1240 2145 1305 2222 ἐς
1378 2143 1498 2233 τὴν
1568 2148 1699 2209 τῶν
1762 2147 2082 2211 Φαιάκων
2144 2145 2405 2229 χώραν,
2476 2139 2603 2234 ὕφ’

442 2243 533 2314 ῶν
580 2247 645 2327 ἐς
689 2249 809 2337 τὴν
864 2249 1114 2316 οἰκείαν
1169 2242 1664 2334 ἀποπεμφθεὶς
1719 2250 2086 2333 κατέλαβον
2147 2246 2449 2327 πολλοῦς
2491 2253 2707 2336 τῆς13ι

438 2350 747 2438 γυναικὸς
805 2356 1180 2440 μνηστῆρας
1226 2351 1293 2417 ἐν
1338 2365 1482 2427 τοῖς
1534 2346 1879 2436 ἡμετέροις
1934 2355 2365 2439 τρυφῶντας·
2430 2347 2610 2418 ἆπο-

439 2461 699 2531 κτείνας
746 2455 818 2520 δὲ
865 2447 1171 2529 ἅπαντας
1214 2450 1349 2517 ὑπὸ
1409 2451 1774 2538 Τηλεγόνου
1826 2445 2102 2535 ῦστερον
2148 2457 2271 2519 τοῦ
2319 2453 2391 2519 ἐκ
2438 2460 2609 2539 Κίρ-

437 2580 554 2644 κης
596 2582 717 2639 μοι
759 2560 1113 2641 γενομένου
1172 2547 1543 2640 ἀνῃρέθην,
1602 2557 1716 2619 καὶ
1761 2557 1872 2620 νῦν
1920 2553 2059 2638 εἰμι
2105 2554 2172 2621 ἐν
2219 2558 2305 2639 τῇ
2353 2554 2610 2620 Μακά-

441 2684 575 2743 ρων
621 2658 800 2747 νήσῳ
847 2656 1026 2722 πάνυ
1078 2658 1423 2739 μετανοῶν
1483 2652 1598 2719 ἐπὶ
1645 2658 1742 2740 τῷ
1800 2658 2197 2723 καταλιπεῖν
2242 2655 2368 2742 τὴν
2419 2656 2608 2742 παρὰ

440 2765 550 2828 σοὶ
598 2762 864 2827 δίαιταν
920 2761 1033 2824 καὶ
1077 2756 1195 2845 τὴν
1239 2752 1372 2821 ὑπὸ
1426 2759 1544 2821 σοῦ
1605 2763 2125 2846 προτεινομένην
2185 2752 2608 2827 ἀθανασίαν.

437 2855 517 2953 ἢν
579 2851 693 2930 οῦν
748 2865 984 2950 καιροῦ
1043 2859 1385 2943 λάβωμαι,
1458 2852 1765 2942 ἀποδρὰς
1822 2854 2154 2946 ἀφίξομαι
2224 2860 2407 2944 πρὸς
2468 2864 2611 2927 σέ.“

440 2970 651 3033 ταῦτα
695 2965 815 3048 μὲν
862 2962 1094 3046 ἐδήλου
1140 2956 1179 3048 ῆ
1229 2958 1584 3046 ἐπιστολή,
1631 2963 1743 3025 καὶ
1788 2964 1947 3047 περὶ
1991 2957 2210 3048 ἡμῶν,
2256 2954 2458 3041 ὅπως
2503 2962 2610 3041 ξε-

352 3072 804 3151 36νισθῶμεν.
897 3070 998 3132 36.
1044 3061 1168 3148 ἐγώ
1202 3061 1274 3127 δὲ
1307 3060 1669 3148 προελθών
1714 3056 1939 3148 ὀλίγον
1986 3057 2123 3128 ἀπὸ
2171 3068 2291 3150 τῆς
2337 3066 2611 3131 θαλατ-

437 3196 556 3260 της
602 3164 793 3254 εὗρον
838 3166 913 3232 τὸ
975 3165 1309 3252 σπήλαιον
1366 3166 1672 3229 τοιοῦτον
1727 3157 2191 3251 οἶονὍμηρος
2245 3163 2437 3247 εἶπε,
2498 3172 2611 3233 καὶ

440 3268 642 3362 αὐτὴν
688 3270 1324 3352 ταλασιουργοῦσαν.
1416 3260 1507 3342 ῶς
1554 3265 1625 3330 δὲ
1666 3264 1786 3351 τὴν
1833 3265 2197 3353 ἐπιστολὴν
2245 3268 2453 3352 ἔλαβε
2498 3271 2612 3335 καὶ

436 3372 840 3451 ῦπελέξατο,
910 3373 1148 3451 πρῶτα
1202 3367 1325 3451 μὲν
1385 3365 1497 3433 ἐπὶ
1571 3364 1743 3432 πολὺ
1816 3366 2155 3454 ἐδάκρυεν,
2229 3369 2479 3437 ἔπειτα
2538 3370 2612 3435 δὲ

438 3473 805 3562 παρεκάλει
850 3468 1024 3559 ἡμᾶς
1070 3470 1184 3536 ἐπὶ
1234 3469 1416 3547 ξένια
1461 3471 1574 3534 καὶ
1633 3469 1852 3536 εἱστία
1909 3473 2236 3557 λαμπρῶς
2282 3475 2402 3538 καὶ
2450 3477 2610 3558 περὶ

435 3581 555 3644 τοῦ
621 3570 994 3651 Ὀδυσσέως
1069 3571 1490 3639 ἐπυνθάνετο
1565 3573 1674 3637 καὶ
1750 3575 1905 3654 περὶ
1979 3576 2095 3659 τῆς
2169 3574 2610 3662 Πηνελόπης,

436 3678 650 3747 ὁποία
682 3703 755 3744 τε
787 3676 888 3765 ε’ίη
921 3675 1038 3763 τὴν
1080 3671 1247 3758 ὄψιν
1292 3676 1405 3740 καὶ
1439 3672 1497 3739 εἰ
1529 3672 1837 3760 σώφρων,
1883 3674 2203 3758 καθάπερ
2241 3668 2613 3756 Ὀδυσσεὺς

436 3782 656 3848 πάλαι
702 3782 857 3864 περὶ
907 3772 1110 3863 αὐτῆς
1163 3771 1528 3859 ἐκόμπαζε·
1588 3778 1698 3841 καὶ
1745 3771 1934 3859 ἡμεῖς
1988 3781 2271 3843 τοιαῦτα
2321 3772 2612 3864 ἀπεκρι-

438 3884 727 3967 νάμεθα,
797 3875 871 3959 ἐξ
944 3875 1035 3946 ῶν
1112 3878 1456 3961 εἰκάζομεν
1531 3870 2023 3963 εὐφρανεῖσθαι
2099 3872 2329 3966 αὐτήν.
2454 3884 2612 3949 τότε

434 3987 556 4070 μὲν
624 3969 738 4050 οῦν
800 3978 1218 4058 ἀπελθόντες
1276 3974 1393 4045 ἐπὶ
1453 3981 1611 4043 ναῦν
1678 3981 1965 4065 πλησίον
2024 3972 2141 4047 ἐπὶ
2198 3984 2318 4066 τῆς
2377 3977 2613 4072 ἠϊόνος
