2800 4500
704 274 858 335 ’ΠΩΣ
892 280 998 334 ΔΕΙ
1033 281 1335 335 ΙΣΤΟΡΙΑΝ
1369 281 1789 335 ΣΥΓΓΡΑΦΕΙΝ.
2257 283 2335 342 13

177 448 496 532 ξάμενον·
574 455 908 535 ,,Δαρείου
973 453 1083 517 καὶ
1153 450 1630 536 Παρυσάτιδος
1693 450 1936 531 παῖδες
1998 458 2339 538 γίγνονται

182 550 367 631 δύο“,
425 555 540 618 καὶ
586 547 825 630 ἄλλους
874 555 1009 618 τῶν
1067 555 1411 633 παλαιῶν,
1471 546 1585 618 οὐκ
1630 551 1883 631 εἰδότες
1928 549 2018 632 ὥς
2063 553 2339 639 δυνάμει

181 653 337 719 τινὰ
385 653 714 736 προοίμιά
760 652 903 721 ἐστι
947 654 1285 743 λεληθότα
1327 653 1486 732 τοὺς
1529 653 1840 735 πολλοὺς,
1886 651 1978 734 ὥς
2006 654 2076 722 ἐν
2109 652 2339 734 ἄλλοις

185 755 508 838 δείξομεν.

360 862 465 923 24.
526 863 772 924 Καίτοι
826 860 1037 923 ταῦτα
1095 857 1321 923 πάντα
1379 857 1641 945 φορητὰ
1688 856 1817 938 ἔτι,
1878 851 2007 925 ὅσα
2051 849 2094 944 ἢ
2139 858 2435 947 {pun-24

188 949 446 1045 νείαςῆ
488 963 606 1048 τῆς
651 954 856 1046 ἄλλης
903 957 1268 1036 διατάξεως
1313 955 1757 1046 ἁμαρτήματά
1802 957 1965 1039 ἐστι,
2011 959 2087 1027 τὸ
2129 961 2342 1027 δὲκαὶ

191 1064 353 1145 περὶ
395 1059 551 1138 τοὺς
593 1060 845 1138 τόπους
892 1054 1131 1138 αὐτοὺς
1176 1060 1580 1145 ψεύδεσθαι,
1629 1055 1705 1128 οὗ
1738 1061 2177 1149 παρασάγγας
2218 1062 2342 1146 μό-

192 1187 338 1243 νον,
401 1156 571 1227 ἀλλὰ
614 1166 727 1229 καὶ
788 1160 1138 1245 σταθμοὺς
1194 1155 1420 1242 ὅλους,
1482 1169 1617 1229 τίνι
1659 1166 1793 1228 τῶν
1836 1166 2053 1231 καλῶν
2099 1164 2345 1245 ἔοικενς

195 1261 293 1339 εἷς
346 1266 503 1348 γοῦν
563 1256 734 1330 οὕτω
803 1264 1128 1352 ῥᾳθύμως
1195 1259 1516 1353 συνήγαγε
1579 1262 1664 1330 τὰ
1730 1266 2127 1351 πράγματα,
2169 1262 2347 1333 -οὕτε

196 1364 388 1450 Σύρῳ
433 1369 566 1432 τινὶ
612 1364 889 1449 ἐντυχών
947 1362 1100 1432 οὔτε
1141 1365 1218 1432 τὸ
1274 1366 1627 1451 λεγόμενον
1684 1366 1763 1456 δή
1808 1370 2008 1433 τοῦτο
2050 1370 2185 1433 τιῦν
2231 1367 2346 1434 ἐπὶ

106 1477 172 1528 83
195 1472 475 1553 κουρείῳ
519 1465 604 1533 τὰ
647 1471 929 1534 τοιαῦτα
986 1466 1547 1552 μυθολογούντων
1593 1461 1913 1549 ἀκούσας,
1975 1462 2146 1536 ὥστε
2190 1474 2347 1594 περὶ

197 1561 531 1651 Εὐρώπου
578 1571 782 1655 λέγων
832 1563 1044 1648 ου’τως
1089 1569 1251 1656 ε’φη·
1309 1565 1444 1650 ,(,Η
1484 1569 1555 1635 δὲ
1603 1565 1929 1654 Εόρωπος
1970 1584 2184 1638 κεῖται
2228 1572 2348 1655 μὲν

198 1669 266 1735 ἐν
325 1673 410 1757 τῇ
454 1664 962 1759 Μεσοποταμίᾳ
1020 1671 1370 1754 σταθμοὺς
1430 1671 1546 1737 δύο
1601 1675 1720 1737 τοῦ
1766 1666 2118 1760 Εὐφράτου
2178 1667 2349 1739 ἀπέ-

190 1793 435 1854 χουσα,
493 1766 845 1875 ἀπῳκισαν
892 1773 964 1839 δὲ
1009 1767 1215 1861 αυτὴν
1250 1766 1686 1840 'Edeooa20t“.
1773 1778 1883 1841 καὶ
1944 1768 2097 1841 οὐδὲ
2152 1778 2349 1840 τοῦτο

198 1871 574 1963 ἀπέχρησεν
632 1869 841 1961 αὐτῷ,
901 1873 1071 1940 ἀλλὰ
1117 1878 1229 1941 καὶ
1273 1873 1393 1961 τὴν
1439 1873 1598 1961 ἐμὴν
1658 1872 1955 1960 πατρίδα
1996 1875 2079 1941 τὰ
2128 1876 2352 1961 Σαμό-

202 1999 378 2043 σατα
436 1974 469 2042 o‘
522 1971 717 2054 αὐτὸς
779 1976 846 2043 ἐν
900 1979 998 2063 τῷ
1059 1969 1238 2061 αὐτῷ
1293 1978 1539 2061 βιβλίῳ
1597 1970 1928 2061 ἀράμενος
1973 1974 2008 2044 ὅ
2055 1993 2354 2063 γενναῖος

203 2073 371 2166 αὐτῇ
428 2073 792 2162 ἀκροπόλει
846 2080 957 2145 καὶ
1012 2084 1258 2160 τείχεσι
1313 2082 1679 2166 μετέθηκεν
1731 2077 1797 2157 ἐς
1852 2078 1970 2168 τὴν
2023 2087 2354 2147 Μεσοπο-

549 2177 569 2201 C
1239 2173 1640 2201 22222
2116 2185 2143 2197 a-

202 2288 469 2367 ταμιῦν,
529 2282 947 2369 ἑκατέρωθεν
991 2281 1058 2349 ἓν
1099 2308 1234 2369 χρῳ
1295 2287 1900 2369 παραμειβομένων
1954 2285 2064 2349 καὶ
2116 2308 2356 2365 μονον-

207 2390 354 2469 ουχὶ
396 2389 516 2453 τοῦ
541 2392 798 2469 τείχους
843 2384 1223 2469 ψαυόντων.
1296 2384 1372 2451 τὸ
1410 2384 1481 2450 δὲ
1511 2386 1621 2450 καὶ
1666 2386 1943 2469 γελοῖον,
1992 2384 2058 2450 εἴ
2084 2407 2194 2451 σοι
2225 2389 2355 2463 νῦν,

206 2475 261 2553 ὦ
315 2490 573 2567 Φίλων,
633 2482 1131 2574 ἀπολογοίμην,
1194 2482 1282 2563 ὡς
1326 2480 1403 2552 οὗ
1449 2491 1874 2570 Παρθυαίων
1925 2479 2079 2552 οὐδὲ
2124 2492 2359 2552 Μεσο-

204 2597 589 2678 ποταμίτης
645 2613 756 2656 σοι
806 2587 964 2674 εγώ,
1021 2587 1090 2655 οἶ
1130 2614 1214 2665 με
1259 2592 1482 2677 φέρων
1526 2584 1562 2654 o‘
1624 2586 2020 2672 θαυμαστὸς
2078 2610 2358 2675 συγγρα-

207 2717 377 2781 φευς
424 2685 745 2778 ἀπῴκισε.
836 2696 939 2758 25.
973 2689 1048 2779 νὴ
1080 2695 1220 2756 Δία
1263 2684 1524 2757 κάκεῖνο
1568 2691 1811 2777 κομιδῇ
1855 2688 2157 2757 πιθανὸν
2201 2693 2360 2775 περὶ
2379 2701 2453 2758 25

204 2798 331 2863 τοῦ
386 2796 792 2882 Σευηριανοῦ
849 2789 884 2859 ὅ
944 2786 1145 2870 αυτὸς
1211 2786 1405 2869 οὗτος
1463 2788 1650 2858 εἶπεν
1719 2790 2252 2876 ἐπομοσάμενος,
2321 2777 2360 2877 ἦ

205 2894 342 2986 ὴμν
406 2889 687 2963 ἀκοῦσαί
750 2920 933 2972 τινος
987 2898 1122 2961 τῶν
1178 2893 1250 2973 ἐξ
1303 2887 1509 2960 αυτοῦ
1565 2897 1683 2960 τοῦ
1741 2893 1931 3014 ε’ργου
2000 2892 2361 2982 διαφυγόν-

121 3017 382 3069 Βάτων·
451 3023 605 3065 ουτε
667 2996 792 3084 γὰρ
862 2996 1045 3085 ξίφει
1107 2996 1433 3082 ἐθελῆσαι
1499 2989 1699 3064 αυτὸν
1768 2990 2146 3063 ἀποθανεῖν
2214 2990 2365 3061 ου’τε

208 3100 569 3187 φαρμάκου
614 3113 799 3167 πιεῖν
845 3094 997 3165 οὔτε
1038 3097 1279 3183 βρόχον
1325 3091 1684 3182 ἅψασθαι,
1732 3091 1902 3163 ἀλλά
1947 3122 2099 3164 τινα
2143 3096 2364 3161 θάνα-

206 3229 328 3270 τον
385 3201 744 3291 ἐπινοῆσαι
797 3199 1107 3286 τραγικὸν
1163 3202 1274 3266 καὶ
1320 3203 1402 3287 τῇ
1459 3198 1668 3287 τόλμῃ
1730 3199 2093 3279 ξενίζοντα·
2148 3211 2365 3279 τυχεῖν

208 3306 334 3390 μὲν
376 3302 502 3390 γὰρ
551 3296 752 3369 αὐτὸν
797 3302 1029 3385 ἔχοντα
1086 3305 1491 3388 παμμεγέθη
1552 3300 1917 3384 ἐκπώματα
1967 3296 2206 3367 ὖάλινα
2250 3302 2366 3386 τῆς

210 3408 573 3492 καλλίστης
628 3400 864 3470 ὑάλου·
935 3403 1086 3471 ἐπεὶ
1146 3403 1218 3469 δὲ
1277 3401 1549 3480 πάντως
1614 3398 1994 3467 ἀποθανεῖν
2059 3400 2365 3486 ἔγνωστο,

211 3505 595 3584 κατάξαντα
651 3504 767 3571 τὸν
824 3510 1134 3591 μέγιστον
1191 3508 1324 3570 τῶν
1381 3502 1653 3591 σκύφων
1711 3503 1806 3570 ἑνὶ
1864 3506 1998 3569 τῶν
2054 3501 2369 3589 θραυμά·

215 3635 352 3675 των
404 3607 798 3695 χρήσασθαι
856 3605 923 3684 ἐς
978 3605 1097 3693 τὴν
1156 3604 1419 3694 σφαγὴν
1480 3604 1832 3689 ἐντεμόντα
1883 3607 1965 3691 τῇ
2011 3599 2194 3690 ὑάλῳ
2253 3601 2371 3669 τὸν

221 3710 483 3795 λαιμόν.
574 3700 784 3785 οὕτως
828 3701 904 3773 οὗ
952 3707 1280 3796 ξιφίδιον,
1341 3701 1417 3773 οὗ
1464 3705 1813 3792 λογχάριον
1859 3699 2071 3792 εὗρεν,
2119 3701 2210 3782 ὥς
2256 3696 2372 3769 ἀν·-

222 3810 443 3897 δρεῖός
487 3834 562 3896 γε
609 3803 789 3894 αὐτῷ
832 3810 941 3874 καὶ
985 3803 1272 3896 ἡρωϊκὸς
1315 3805 1350 3874 ὁ
1390 3807 1692 3883 θάνατος
1734 3811 2011 3892 γένοιτο.
2081 3810 2203 3891 Χ26.
2238 3798 2359 3871 εἶτ’
2386 3816 2463 3872 26

224 3910 457 4000 ἐπειδὴ
498 3911 907 3998 Θουκυδίδης
953 3909 1320 3998 ἐπιτάφιόν
1364 3935 1515 3977 τινα
1561 3906 1712 3975 εἶπε
1741 3921 1881 3985 τοῖς
1925 3906 2223 3992 πρώτοις
2253 3909 2370 3972 τοῦ

223 4017 524 4096 πολέμου
573 4011 822 4079 ἐκείνου
867 4025 1139 4095 νεκροῖς,
1184 4014 1296 4078 καὶ
1329 4005 1529 4088 αὗτός
1571 4007 1864 4098 ἡγήσατο
1904 4012 2140 4094 χρῆναι
2185 4001 2372 4073 ἐπει-
