2800 4500
974 250 1556 307 ΤΥΡΑΝΝΟΚΤΟΝΟΣ.
2259 250 2339 309 69

185 421 421 509 φόρον,
471 421 746 510 ἕρημος,
794 415 946 489 ουδὲ
990 428 1293 508 γενναίας
1340 421 1441 488 ε’τι
1480 420 1702 506 χειρὸς
1748 417 1953 499 άξιος.
2044 421 2343 489 ἐνταῦθα

185 532 409 591 τοίνυν
468 524 644 609 πρὸς
705 525 1020 652 ἐμαυτόν,
1088 552 1140 590 ω
1202 521 1435 611 ανδρες
1501 525 1843 605 δικασταί,
1910 523 1995 590 τὰ
2060 530 2341 593 τοιαῦτα

187 626 609 716 ἐλογιζόμην·
680 622 879 693 πάντ
945 627 1077 711 ε’χει
1141 653 1259 712 μοι
1323 629 1574 708 καλῶς,
1644 625 1867 693 πάντα
1933 633 2338 713 πέπρακται,

88 745 168 797 146
186 726 415 796 πάντα
445 729 914 814 κατώρθωται.
989 736 1141 796 τίνα
1173 720 1252 795 ἀν
1282 725 1318 796 ὅ
1351 731 1755 817 περίλοιπος
1783 732 2153 820 κολασθείη
2184 733 2341 817 τρό-

185 857 354 913 πον,·
401 830 566 915 ἐμοῦ
607 833 727 915 μὲν
770 832 896 919 γὰρ
943 826 1213 910 ἀνάξιός
1259 830 1404 898 ἐστι
1446 835 1559 899 καὶ
1604 835 1722 917 τῆς
1752 830 1912 917 ἐμῆς
1944 832 2183 914 δεξιᾶς,
2227 839 2340 903 καὶ

181 935 483 1017 μάλιστα
529 928 643 1001 ἐπ’
696 935 864 1022 ἔργῳ
911 937 1202 1022 λαμπρῷ
1245 936 1358 1001 καὶ
1403 937 1681 1021 νεανικῷ
1724 938 1835 1002 καὶ
1866 942 2147 1022 γενναίῳ
2180 932 2339 1024 ἀνῃ-

181 1042 470 1123 ρημένος
514 1042 963 1121 καταισχυνῶν
1009 1037 1259 1126 ἐκείνην
1301 1037 1422 1124 τὴν
1483 1037 1776 1125 σφαγήν·
1837 1033 2025 1115 ἄξιον
2071 1038 2145 1104 δέ
2186 1065 2338 1106 τινα

184 1140 288 1205 δεῖ
331 1139 613 1228 ζητῆσαι
659 1140 896 1229 δήμιον
943 1136 1144 1207 ἄλλον
1188 1138 1357 1224 μετὰ
1400 1139 1518 1228 τὴν
1566 1139 1949 1227 συμφοράν,
2007 1141 2174 1227 μηδὲ
2219 1141 2337 1231 τὴν

185 1234 393 1329 αὐτὴν
452 1241 820 1328 κερδαίνειν
851 1244 957 1323 (†).
1065 1242 1260 1307 ἰδέτω
1275 1293 1291 1322 ,
1350 1239 1788 1329 κολασθήτω,
1848 1248 2338 1327 παρακείμενον

183 1344 387 1425 ἐχέτω
434 1342 511 1410 τὸ
562 1344 789 1431 ξίφος·
835 1346 1051 1432 τούτῳ
1081 1343 1165 1410 τὰ
1199 1345 1409 1411 λοιπὰ
1442 1342 1850 1426 ἐντέλλομαι.
1937 1348 2150 1411 ταῦτα
2177 1352 2337 1430 βου-
2419 1402 2426 1409 .

184 1445 592 1530 λευσάμενος
651 1441 850 1524 αὐτὸς
916 1448 1035 1530 μὲν
1104 1447 1408 1514 ἐκποδών
1477 1440 2029 1534 ἀπηλλαττόμην,
2097 1446 2172 1514 τὸ
2244 1448 2336 1529 δέ,

122 1622 127 1627 .
181 1542 355 1634 όπερ
420 1548 546 1634 ἐγώ
605 1543 1280 1639 προύμαντευσάμην,
1351 1548 1761 1635 διεπράξατο
1817 1550 1931 1614 καὶ
1987 1547 2337 1633 ἐτυραννο-

174 1653 458 1770 κτόνησε
502 1655 614 1718 καὶ
657 1654 848 1729 τέλος
893 1651 1186 1740 ἐπέθηκε
1229 1656 1326 1738 τῷ
1371 1650 1510 1737 ἐμῷ
1542 1651 1851 1737 δράματι.
1941 1657 2000 1718 9.
2049 1650 2333 1735 πάρειμι
2364 1662 2404 1718 9

180 1780 296 1820 ουν
342 1752 633 1837 κομίζων
678 1749 833 1837 ὑμῖν
877 1753 997 1840 τὴν
1042 1754 1496 1841 δημοκρατίαν
1537 1756 1648 1819 καὶ
1680 1758 1964 1836 θαρρεῖν
2007 1747 2132 1841 ἤδη
2166 1777 2336 1837 προ-

176 1856 520 1975 κηρύττων
567 1848 786 1923 άπασι
830 1860 941 1923 καὶ
985 1855 1103 1942 τὴν
1136 1855 1525 1942 ἐλευθερίαν
1559 1849 2151 1941 εὐαγγελιζόμενος.
2212 1851 2335 1943 ἤδη

180 1956 296 2024 οὖν
327 1953 711 2025 ἀπολαύετε
752 1984 884 2024 των
917 1958 1123 2044 έργων
1152 1962 1285 2025 τῷν
1318 1958 1514 2043 έιιιῦν.
1602 1957 1750 2044 κενὴ
1796 1963 1936 2042 μέν,
1988 1982 2080 2035 ως
2110 1954 2330 2084 ὁρᾶτε,

181 2064 498 2148 πονηρῶν
541 2056 581 2150 ἦ
631 2055 1014 2147 ἀκρόπολις,
1063 2060 1411 2128 επιτάττει
1456 2061 1528 2128 δὲ
1574 2055 1811 2142 οὐδείς,
1860 2054 2029 2126 ἀλλὰ
2074 2063 2186 2126 καὶ
2230 2085 2333 2125 τι-

177 2168 311 2249 μᾶν
359 2163 581 2242 ἔξεστι
624 2169 735 2232 καὶ
783 2164 1071 2244 δικάζειν
1114 2169 1226 2233 καὶ
1273 2160 1638 2251 ἀντιλέγειν
1683 2163 1850 2231 κατὰ
1883 2162 2037 2242 τοὺς
2068 2164 2330 2249 νόμους,

176 2396 309 2453 μαν
379 2370 500 2456 τὴν
562 2369 753 2455 ε’μήν,
817 2370 938 2437 κάκ
1004 2374 1126 2437 τοῦ
1193 2370 1342 2448 ἑνὸς
1396 2370 1645 2437 ἐκείνου
1706 2371 1949 2458 φόνου,
2026 2364 2190 2453 μεθ’
2255 2369 2332 2437 ὃν

178 2466 401 2539 οὐκέτι
448 2473 560 2560 ζῆν
603 2472 823 2562 πατὴρ
873 2473 1170 2541 ἐδύνατο.
1262 2468 1431 2552 ἀξιιῦ
1477 2467 1540 2539 δ’
1595 2460 1709 2539 οὖν
1757 2473 1868 2540 ἐπὶ
1905 2472 2170 2550 τούτοις
2213 2472 2331 2560 τὴν

175 2569 623 2663 ὀφειλομένην
657 2576 948 2663 δοθῆναί
977 2601 1097 2660 μοι
1143 2569 1298 2661 παρ’
1351 2571 1535 2660 ὑμῶν
1582 2574 1857 2661 δωρεάν,
1909 2569 1983 2641 οὗ
2018 2577 2329 2662 φιλοκερ-

176 2676 296 2764 δὴς
342 2672 496 2743 οὐδὲ
542 2677 935 2763 μικρολόγος
977 2703 1081 2755 τις
1126 2668 1219 2744 ὢν
1265 2671 1418 2744 οὐδὲ
1464 2676 1577 2743 ἐπὶ
1615 2681 1852 2763 μισθῷ
1881 2676 2000 2766 τὴν
2030 2680 2330 2764 πατρίδα

175 2772 539 2864 εὐεργετεῖν
597 2784 1086 2868 προῃρημένος,
1156 2773 1327 2846 ἀλλὰ
1382 2783 1852 2866 βεβαιωθῆναί
1907 2805 2026 2864 μοι
2088 2781 2329 2861 βουλό-

171 2905 376 2964 μενος
433 2879 516 2945 τὰ
572 2881 1072 2966 κατορθώματα
1132 2885 1213 2969 τῇ
1272 2883 1492 2970 δωρεᾷ
1547 2885 1660 2949 καὶ
1715 2881 1805 2969 μὴ
1875 2881 2326 2971 διαβληθῆναι

170 2982 343 3071 μηδὲ
391 2979 634 3061 ι’ίδοξον
676 2989 998 3069 γενέσθαι
1039 2983 1157 3072 τὴν
1204 2983 1616 3072 ἐπιχείρησιν
1661 2983 1778 3072 τὴν
1810 2983 1971 3071 ἐμὴν
2002 2980 2095 3062 ὥς
2124 2978 2328 3073 ἀτελῆ

169 3088 282 3152 καὶ
334 3090 545 3172 γέρως
603 3080 882 3164 ἀναξίαν
938 3091 1338 3175 κεκριμένην.
1431 3094 1531 3154 10.
1579 3082 1811 3154 οὗτοσὶ
1872 3088 1944 3154 δὲ
2002 3080 2327 3173 ἀντιλέγει
2354 3097 2428 3153 10

167 3191 280 3256 καὶ
329 3190 539 3276 φησὶν
585 3182 702 3254 οὐκ
748 3184 1015 3275 εὔλογον
1059 3203 1284 3257 ποιεῖν
1327 3214 1413 3273 με
1466 3192 1808 3275 τιμᾶσθαι
1867 3191 2161 3255 θέλοντα
2214 3192 2325 3256 καὶ

82 3301 155 3352 147
175 3289 439 3376 δωρεάν
517 3290 911 3375 λαμβάνειν·
988 3285 1063 3358 οὗ
1137 3290 1261 3378 γὰρ
1338 3288 1512 3358 εἶναι
1585 3292 2100 3376 τυραννοκτόνον
2175 3290 2327 3359 οὐδὲ

166 3396 578 3480 πεπρᾶχθαί
618 3400 740 3477 μοί
767 3420 834 3460 τι
863 3392 1030 3460 κατὰ
1062 3393 1179 3461 τὸν
1213 3393 1437 3477 νόμον,
1487 3388 1637 3460 ἀλλ’
1678 3393 1887 3460 ἐνδεῖν
1918 3421 1986 3461 τι
2016 3398 2112 3481 τῷ
2157 3393 2326 3482 ἔργῳ

166 3499 260 3580 τιῦ
308 3495 454 3582 ἐμῷ
501 3494 676 3579 πρὸς
721 3496 1087 3584 ἀπαίτησιν
1116 3499 1233 3584 τῆς
1265 3497 1541 3579 δωρεᾶς.
1630 3496 2072 3580 πυνθάνομαι
2101 3504 2327 3565 τοίνυν

168 3592 407 3679 αυτοῦ,
469 3604 538 3664 τί
585 3597 826 3665 λοιπὸν
873 3592 1188 3676 ἀπαιτεῖς
1231 3626 1371 3686 παρ
1463 3596 1687 3688 ήμῶν,·
1744 3593 1859 3666 οὐκ
1916 3599 2328 3721 ἐβουλήθην,-

167 3699 280 3766 οὖκ
339 3701 680 3787 ἀνῆλθον,
749 3726 862 3767 ουκ
921 3700 1291 3789 εφόνευσα,·
1359 3696 1475 3769 οὐκ
1528 3696 2004 3791 ήλευθέρωσα,·
2067 3702 2155 3790 μή
2223 3726 2328 3780 τις

167 3800 548 3885 επιτάττει,·
590 3803 678 3888 μή
725 3828 829 3881 τις
872 3804 1157 3886 κελεί·,·ει
1211 3804 1301 3892 μή
1346 3830 1453 3883 τις
1498 3799 1766 3871 ἀπειλεῖ
1811 3804 2178 3892 δεσπότης,·
2234 3790 2324 3892 μή

164 3911 263 3981 τίς
320 3929 406 3988 με
461 3908 597 3971 τῶν
652 3929 1027 3990 κακουργων
1086 3906 1433 3994 διέφυγεν,·
1488 3932 1605 3973 ουκ
1663 3934 1743 3971 αν
1805 3908 2048 3983 ε’ίποις.
2151 3898 2323 3974 ἀλλα

166 4006 387 4073 πάντα
407 4006 673 4095 εἰρήνης
695 4031 907 4091 μεστα
930 4010 1039 4076 καὶ
1065 4007 1316 4083 πάντες
1334 4013 1502 4094 σῷοι
1529 4010 1592 4075 οἱ
1620 4009 1813 4094 νόμοι
1835 4012 1946 4076 καὶ
1972 4007 2326 4094 ἐλευθερία
