<?xml version="1.0" encoding="UTF-8"?>
<!DOCTYPE html PUBLIC "-//W3C//DTD XHTML 1.0 Transitional//EN"
    "http://www.w3.org/TR/xhtml1/DTD/xhtml1-transitional.dtd">
<html xmlns="http://www.w3.org/1999/xhtml" xml:lang="en" lang="en">
 <head>
  <title>
</title>
<meta http-equiv="Content-Type" content="text/html;charset=utf-8" />
  <meta name='ocr-system' content='tesseract 3.04.00' />
  <meta name='ocr-capabilities' content='ocr_page ocr_carea ocr_par ocr_line ocrx_word'/>
</head>
<body>
  <div class='ocr_page' id='page_1' title='image "./lucianus00sommgoog_0183.png"; bbox 0 0 2800 4500; ppageno 0'>
   <div class='ocr_carea' id='block_1_1' title="bbox 870 264 2342 324">
    <p class='ocr_par' dir='ltr' id='par_1_1' title="bbox 870 264 2342 324">
     <span class='ocr_line' id='line_1_1' title="bbox 870 264 2342 324; baseline 0.005 -8"><span class='ocrx_word' id='word_1_1' title='bbox 870 264 1022 318; x_wconf 85' lang='grc' dir='ltr'><strong>ΠΕΡΙ</strong></span> <span class='ocrx_word' id='word_1_2' title='bbox 1037 311 1040 314; x_wconf 87' lang='grc'><strong><em>.</em></strong></span> <span class='ocrx_word' id='word_1_3' title='bbox 1056 265 1182 318; x_wconf 83' lang='grc' dir='ltr'><strong><em>ΤΗΣ</em></strong></span> <span class='ocrx_word' id='word_1_4' title='bbox 1216 266 1681 321; x_wconf 82' lang='grc' dir='ltr'><strong><em>ΑΣΤΡΟΔΟΓΙΗΣ.</em></strong></span> <span class='ocrx_word' id='word_1_5' title='bbox 2223 266 2342 324; x_wconf 82' lang='grc'><strong><em>167</em></strong></span> 
     </span>
    </p>
   </div>
   <div class='ocr_carea' id='block_1_2' title="bbox 103 427 2416 4096">
    <p class='ocr_par' dir='ltr' id='par_1_2' title="bbox 103 427 2416 4096">
     <span class='ocr_line' id='line_1_2' title="bbox 198 427 2347 562; baseline 0.001 -64"><span class='ocrx_word' id='word_1_6' title='bbox 198 433 593 516; x_wconf 93' lang='grc' dir='ltr'><strong><em>διενεκτέον,</em></strong></span> <span class='ocrx_word' id='word_1_7' title='bbox 656 427 824 500; x_wconf 82' lang='grc' dir='ltr'><strong><em>ἀλλά</em></strong></span> <span class='ocrx_word' id='word_1_8' title='bbox 872 439 1226 562; x_wconf 85' lang='grc' dir='ltr'><strong><em>μέμφομαι</em></strong></span> <span class='ocrx_word' id='word_1_9' title='bbox 1273 431 1503 503; x_wconf 83' lang='grc' dir='ltr'><strong><em>ὁκόσοι</em></strong></span> <span class='ocrx_word' id='word_1_10' title='bbox 1549 439 1755 525; x_wconf 82' lang='grc' dir='ltr'><strong><em>σοφοὶ</em></strong></span> <span class='ocrx_word' id='word_1_11' title='bbox 1813 435 2031 512; x_wconf 80' lang='grc' dir='ltr'><strong><em>ἐόντες</em></strong></span> <span class='ocrx_word' id='word_1_12' title='bbox 2087 434 2170 502; x_wconf 84' lang='grc' dir='ltr'><strong><em>τὰ</em></strong></span> <span class='ocrx_word' id='word_1_13' title='bbox 2226 437 2347 520; x_wconf 80' lang='grc' dir='ltr'><strong><em>μὲν</em></strong></span> 
     </span>
     <span class='ocr_line' id='line_1_3' title="bbox 203 530 2345 626; baseline 0.002 -26"><span class='ocrx_word' id='word_1_14' title='bbox 203 530 369 601; x_wconf 90' lang='grc' dir='ltr'><strong><em>άλλα</em></strong></span> <span class='ocrx_word' id='word_1_15' title='bbox 415 535 820 604; x_wconf 78' lang='grc' dir='ltr'><strong><em>ἐπασκέουσι</em></strong></span> <span class='ocrx_word' id='word_1_16' title='bbox 864 540 976 604; x_wconf 90' lang='grc' dir='ltr'><strong><em>καὶ</em></strong></span> <span class='ocrx_word' id='word_1_17' title='bbox 1007 540 1180 604; x_wconf 82' lang='grc' dir='ltr'><strong><em>πᾶσι</em></strong></span> <span class='ocrx_word' id='word_1_18' title='bbox 1211 550 1354 616; x_wconf 87' lang='grc' dir='ltr'><strong><em>τοῖς</em></strong></span> <span class='ocrx_word' id='word_1_19' title='bbox 1397 537 1661 606; x_wconf 75' lang='grc' dir='ltr'><strong><em>ἑωυτῶν</em></strong></span> <span class='ocrx_word' id='word_1_20' title='bbox 1707 532 2133 626; x_wconf 87' lang='grc' dir='ltr'><strong><em>ἀπηγέονται,</em></strong></span> <span class='ocrx_word' id='word_1_21' title='bbox 2177 538 2345 622; x_wconf 85' lang='grc' dir='ltr'><strong><em>μού-</em></strong></span> 
     </span>
     <span class='ocr_line' id='line_1_4' title="bbox 200 631 2416 764; baseline 0.003 -61"><span class='ocrx_word' id='word_1_22' title='bbox 200 664 312 764; x_wconf 78' lang='grc' dir='ltr'><strong><em>νην</em></strong></span> <span class='ocrx_word' id='word_1_23' title='bbox 358 631 421 703; x_wconf 74' lang='grc' dir='ltr'><strong><em>δ’</em></strong></span> <span class='ocrx_word' id='word_1_24' title='bbox 476 632 914 728; x_wconf 89' lang='grc' dir='ltr'><strong><em>ἀστρολογίην</em></strong></span> <span class='ocrx_word' id='word_1_25' title='bbox 947 635 1097 706; x_wconf 88' lang='grc' dir='ltr'><strong><em>ου’τε</em></strong></span> <span class='ocrx_word' id='word_1_26' title='bbox 1123 644 1469 724; x_wconf 81' lang='grc' dir='ltr'><strong><em>τιμέουσιν</em></strong></span> <span class='ocrx_word' id='word_1_27' title='bbox 1500 636 1651 708; x_wconf 67' lang='grc' dir='ltr'><strong><em>οὔτε</em></strong></span> <span class='ocrx_word' id='word_1_28' title='bbox 1682 640 2103 707; x_wconf 74' lang='grc' dir='ltr'><strong><em>ἐπασκέουσι.</em></strong></span> <span class='ocrx_word' id='word_1_29' title='bbox 2193 646 2253 706; x_wconf 84' lang='grc'><strong><em>2.</em></strong></span> <span class='ocrx_word' id='word_1_30' title='bbox 2298 637 2337 728; x_wconf 81' lang='grc' dir='ltr'><strong><em>ἦ</em></strong></span> <span class='ocrx_word' id='word_1_31' title='bbox 2375 653 2416 709; x_wconf 70' lang='lat'><strong>2</strong></span> 
     </span>
     <span class='ocr_line' id='line_1_5' title="bbox 200 735 2339 830; baseline 0.001 -24"><span class='ocrx_word' id='word_1_32' title='bbox 200 741 317 822; x_wconf 82' lang='grc' dir='ltr'><strong><em>μὲν</em></strong></span> <span class='ocrx_word' id='word_1_33' title='bbox 360 768 456 806; x_wconf 92' lang='grc' dir='ltr'><strong><em>ων</em></strong></span> <span class='ocrx_word' id='word_1_34' title='bbox 503 747 712 830; x_wconf 81' lang='grc' dir='ltr'><strong><em>σοφίη</em></strong></span> <span class='ocrx_word' id='word_1_35' title='bbox 759 741 1018 828; x_wconf 88' lang='grc' dir='ltr'><strong><em>παλαιὴ</em></strong></span> <span class='ocrx_word' id='word_1_36' title='bbox 1068 736 1222 810; x_wconf 75' lang='grc' dir='ltr'><strong><em>ουδὲ</em></strong></span> <span class='ocrx_word' id='word_1_37' title='bbox 1268 749 1415 810; x_wconf 88' lang='grc' dir='ltr'><strong><em>νέον</em></strong></span> <span class='ocrx_word' id='word_1_38' title='bbox 1462 741 1528 821; x_wconf 77' lang='grc' dir='ltr'><strong><em>ἐς</em></strong></span> <span class='ocrx_word' id='word_1_39' title='bbox 1572 738 1781 830; x_wconf 80' lang='grc' dir='ltr'><strong><em>ἡμέας</em></strong></span> <span class='ocrx_word' id='word_1_40' title='bbox 1825 736 2137 824; x_wconf 89' lang='grc' dir='ltr'><strong><em>ἀπίκετο,</em></strong></span> <span class='ocrx_word' id='word_1_41' title='bbox 2186 735 2339 808; x_wconf 76' lang='grc' dir='ltr'><strong><em>ἀλλ’</em></strong></span> 
     </span>
     <span class='ocr_line' id='line_1_6' title="bbox 199 838 2346 934; baseline 0.001 -26"><span class='ocrx_word' id='word_1_42' title='bbox 199 841 379 911; x_wconf 86' lang='grc' dir='ltr'><strong><em>ε’στιν</em></strong></span> <span class='ocrx_word' id='word_1_43' title='bbox 424 842 615 929; x_wconf 86' lang='grc' dir='ltr'><strong><em>ε’ργον</em></strong></span> <span class='ocrx_word' id='word_1_44' title='bbox 647 838 939 930; x_wconf 86' lang='grc' dir='ltr'><strong><em>ἀρχαίων</em></strong></span> <span class='ocrx_word' id='word_1_45' title='bbox 967 846 1301 929; x_wconf 84' lang='grc' dir='ltr'><strong><em>βασιλέων</em></strong></span> <span class='ocrx_word' id='word_1_46' title='bbox 1330 846 1735 934; x_wconf 73' lang='grc' dir='ltr'><strong><em>θεοφιλέων.</em></strong></span> <span class='ocrx_word' id='word_1_47' title='bbox 1826 845 1891 910; x_wconf 82' lang='grc' dir='ltr'><strong><em>οἱ</em></strong></span> <span class='ocrx_word' id='word_1_48' title='bbox 1924 845 1996 911; x_wconf 82' lang='grc' dir='ltr'><strong><em>δὲ</em></strong></span> <span class='ocrx_word' id='word_1_49' title='bbox 2026 848 2138 911; x_wconf 87' lang='grc' dir='ltr'><strong><em>νῦν</em></strong></span> <span class='ocrx_word' id='word_1_50' title='bbox 2169 838 2346 928; x_wconf 87' lang='grc' dir='ltr'><strong><em>ἀμα-</em></strong></span> 
     </span>
     <span class='ocr_line' id='line_1_7' title="bbox 103 939 2345 1034; baseline 0.001 -24"><span class='ocrx_word' id='word_1_51' title='bbox 103 955 177 1005; x_wconf 74' lang='grc'><strong><em>361</em></strong></span> <span class='ocrx_word' id='word_1_52' title='bbox 200 950 322 1032; x_wconf 89' lang='grc' dir='ltr'><strong><em>θίῃ</em></strong></span> <span class='ocrx_word' id='word_1_53' title='bbox 365 948 478 1012; x_wconf 86' lang='grc' dir='ltr'><strong><em>καὶ</em></strong></span> <span class='ocrx_word' id='word_1_54' title='bbox 525 946 826 1033; x_wconf 75' lang='grc' dir='ltr'><strong><em>ῥᾳθυμίῃ</em></strong></span> <span class='ocrx_word' id='word_1_55' title='bbox 873 948 983 1013; x_wconf 87' lang='grc' dir='ltr'><strong><em>καὶ</em></strong></span> <span class='ocrx_word' id='word_1_56' title='bbox 1028 951 1313 1031; x_wconf 84' lang='grc' dir='ltr'><strong><em>προσέτι</em></strong></span> <span class='ocrx_word' id='word_1_57' title='bbox 1348 953 1715 1034; x_wconf 82' lang='grc' dir='ltr'><strong><em>μισοπονίῃ</em></strong></span> <span class='ocrx_word' id='word_1_58' title='bbox 1747 951 2029 1013; x_wconf 88' lang='grc' dir='ltr'><strong><em>κείνοισί</em></strong></span> <span class='ocrx_word' id='word_1_59' title='bbox 2056 971 2129 1013; x_wconf 91' lang='grc' dir='ltr'><strong><em>τε</em></strong></span> <span class='ocrx_word' id='word_1_60' title='bbox 2161 939 2345 1013; x_wconf 86' lang='grc' dir='ltr'><strong><em>ἀντί-</em></strong></span> 
     </span>
     <span class='ocr_line' id='line_1_8' title="bbox 199 1034 2345 1135; baseline 0.001 -22"><span class='ocrx_word' id='word_1_61' title='bbox 199 1047 317 1125; x_wconf 84' lang='grc' dir='ltr'><strong><em>ξοα</em></strong></span> <span class='ocrx_word' id='word_1_62' title='bbox 384 1052 745 1135; x_wconf 84' lang='grc' dir='ltr'><strong><em>φρονέουσι</em></strong></span> <span class='ocrx_word' id='word_1_63' title='bbox 810 1051 924 1116; x_wconf 88' lang='grc' dir='ltr'><strong><em>καὶ</em></strong></span> <span class='ocrx_word' id='word_1_64' title='bbox 991 1034 1126 1115; x_wconf 72' lang='grc' dir='ltr'><strong><em>εὖτ’</em></strong></span> <span class='ocrx_word' id='word_1_65' title='bbox 1192 1039 1274 1114; x_wconf 75' lang='grc' dir='ltr'><strong><em>ἀν</em></strong></span> <span class='ocrx_word' id='word_1_66' title='bbox 1336 1043 1656 1133; x_wconf 88' lang='grc' dir='ltr'><strong><em>ἀνδράσιν</em></strong></span> <span class='ocrx_word' id='word_1_67' title='bbox 1717 1047 2115 1133; x_wconf 82' lang='grc' dir='ltr'><strong><em>έπικυρέωσι</em></strong></span> <span class='ocrx_word' id='word_1_68' title='bbox 2174 1047 2345 1133; x_wconf 79' lang='grc' dir='ltr'><strong><em>ψεύ-</em></strong></span> 
     </span>
     <span class='ocr_line' id='line_1_9' title="bbox 198 1143 2342 1240; baseline 0 -25"><span class='ocrx_word' id='word_1_69' title='bbox 198 1149 314 1215; x_wconf 87' lang='grc' dir='ltr'><strong><em>δεα</em></strong></span> <span class='ocrx_word' id='word_1_70' title='bbox 358 1155 942 1234; x_wconf 86' lang='grc' dir='ltr'><strong><em>μαντευομένοισι,</em></strong></span> <span class='ocrx_word' id='word_1_71' title='bbox 1003 1146 1266 1238; x_wconf 69' lang='grc' dir='ltr'><strong><em>ἄστρων</em></strong></span> <span class='ocrx_word' id='word_1_72' title='bbox 1323 1176 1397 1218; x_wconf 90' lang='grc' dir='ltr'><strong><em>τε</em></strong></span> <span class='ocrx_word' id='word_1_73' title='bbox 1441 1157 1915 1240; x_wconf 89' lang='grc' dir='ltr'><strong><em>κατηγορέουσι</em></strong></span> <span class='ocrx_word' id='word_1_74' title='bbox 1970 1153 2082 1217; x_wconf 86' lang='grc' dir='ltr'><strong><em>καὶ</em></strong></span> <span class='ocrx_word' id='word_1_75' title='bbox 2141 1143 2342 1240; x_wconf 75' lang='grc' dir='ltr'><strong><em>αὐτὴν</em></strong></span> 
     </span>
     <span class='ocr_line' id='line_1_10' title="bbox 197 1245 2341 1341; baseline 0.001 -25"><span class='ocrx_word' id='word_1_76' title='bbox 197 1245 593 1341; x_wconf 87' lang='grc' dir='ltr'><strong><em>ἀστολογίην</em></strong></span> <span class='ocrx_word' id='word_1_77' title='bbox 635 1257 1013 1336; x_wconf 88' lang='grc' dir='ltr'><strong><em>μισέουσιν,</em></strong></span> <span class='ocrx_word' id='word_1_78' title='bbox 1072 1248 1226 1321; x_wconf 75' lang='grc' dir='ltr'><strong><em>οὐδέ</em></strong></span> <span class='ocrx_word' id='word_1_79' title='bbox 1267 1279 1384 1337; x_wconf 91' lang='grc' dir='ltr'><strong><em>μιν</em></strong></span> <span class='ocrx_word' id='word_1_80' title='bbox 1431 1249 1583 1321; x_wconf 66' lang='grc' dir='ltr'><strong><em>οὔτε</em></strong></span> <span class='ocrx_word' id='word_1_81' title='bbox 1625 1249 1811 1340; x_wconf 77' lang='grc' dir='ltr'><strong><em>ὑγιέα</em></strong></span> <span class='ocrx_word' id='word_1_82' title='bbox 1871 1249 2022 1321; x_wconf 66' lang='grc' dir='ltr'><strong><em>οὔτε</em></strong></span> <span class='ocrx_word' id='word_1_83' title='bbox 2077 1246 2341 1341; x_wconf 88' lang='grc' dir='ltr'><strong><em>ἀληθέα</em></strong></span> 
     </span>
     <span class='ocr_line' id='line_1_11' title="bbox 196 1349 2341 1443; baseline 0.001 -23"><span class='ocrx_word' id='word_1_84' title='bbox 196 1353 606 1439; x_wconf 86' lang='grc' dir='ltr'><strong><em>νομίζουσιν,</em></strong></span> <span class='ocrx_word' id='word_1_85' title='bbox 677 1349 846 1421; x_wconf 81' lang='grc' dir='ltr'><strong><em>ἀλλὰ</em></strong></span> <span class='ocrx_word' id='word_1_86' title='bbox 905 1355 1100 1443; x_wconf 90' lang='grc' dir='ltr'><strong><em>λόγον</em></strong></span> <span class='ocrx_word' id='word_1_87' title='bbox 1158 1356 1415 1441; x_wconf 84' lang='grc' dir='ltr'><strong><em>ψευδέα</em></strong></span> <span class='ocrx_word' id='word_1_88' title='bbox 1469 1358 1582 1422; x_wconf 87' lang='grc' dir='ltr'><strong><em>καὶ</em></strong></span> <span class='ocrx_word' id='word_1_89' title='bbox 1642 1350 2043 1439; x_wconf 84' lang='grc' dir='ltr'><strong><em>ἀνεμώλιον,</em></strong></span> <span class='ocrx_word' id='word_1_90' title='bbox 2103 1349 2180 1422; x_wconf 79' lang='grc' dir='ltr'><strong><em>οὗ</em></strong></span> <span class='ocrx_word' id='word_1_91' title='bbox 2237 1355 2341 1423; x_wconf 84' lang='grc' dir='ltr'><strong><em>δι·-</em></strong></span> 
     </span>
     <span class='ocr_line' id='line_1_12' title="bbox 191 1451 2338 1547; baseline 0 -23"><span class='ocrx_word' id='word_1_92' title='bbox 191 1463 416 1539; x_wconf 87' lang='grc' dir='ltr'><strong><em>καίως,</em></strong></span> <span class='ocrx_word' id='word_1_93' title='bbox 465 1456 614 1542; x_wconf 77' lang='grc' dir='ltr'><strong><em>ἐμοὶ</em></strong></span> <span class='ocrx_word' id='word_1_94' title='bbox 663 1458 896 1539; x_wconf 89' lang='grc' dir='ltr'><strong><em>δοκέει,</em></strong></span> <span class='ocrx_word' id='word_1_95' title='bbox 942 1463 1374 1546; x_wconf 85' lang='grc' dir='ltr'><strong><em>φρονέοντες·</em></strong></span> <span class='ocrx_word' id='word_1_96' title='bbox 1423 1453 1576 1526; x_wconf 70' lang='grc' dir='ltr'><strong><em>οὕτε</em></strong></span> <span class='ocrx_word' id='word_1_97' title='bbox 1617 1456 1742 1544; x_wconf 80' lang='grc' dir='ltr'><strong><em>γὰρ</em></strong></span> <span class='ocrx_word' id='word_1_98' title='bbox 1778 1462 2083 1535; x_wconf 84' lang='grc' dir='ltr'><strong><em>τέκτονος</em></strong></span> <span class='ocrx_word' id='word_1_99' title='bbox 2114 1451 2338 1547; x_wconf 82' lang='grc' dir='ltr'><strong><em>ἀϊδρίη</em></strong></span> 
     </span>
     <span class='ocr_line' id='line_1_13' title="bbox 191 1553 2338 1650; baseline 0 -24"><span class='ocrx_word' id='word_1_100' title='bbox 191 1558 584 1648; x_wconf 82' lang='grc' dir='ltr'><strong><em>τεκτοσύνης</em></strong></span> <span class='ocrx_word' id='word_1_101' title='bbox 651 1553 853 1648; x_wconf 74' lang='grc' dir='ltr'><strong><em>αὐτῆς</em></strong></span> <span class='ocrx_word' id='word_1_102' title='bbox 917 1553 1129 1650; x_wconf 80' lang='grc' dir='ltr'><strong><em>ἀφυΐη</em></strong></span> <span class='ocrx_word' id='word_1_103' title='bbox 1188 1556 1342 1628; x_wconf 65' lang='grc' dir='ltr'><strong><em>οὔτε</em></strong></span> <span class='ocrx_word' id='word_1_104' title='bbox 1403 1555 1700 1649; x_wconf 81' lang='grc' dir='ltr'><strong><em>αὐλητέω</em></strong></span> <span class='ocrx_word' id='word_1_105' title='bbox 1757 1554 2044 1648; x_wconf 82' lang='grc' dir='ltr'><strong><em>ἀμουσίη</em></strong></span> <span class='ocrx_word' id='word_1_106' title='bbox 2100 1582 2338 1644; x_wconf 87' lang='grc' dir='ltr'><strong><em>μουσι-</em></strong></span> 
     </span>
     <span class='ocr_line' id='line_1_14' title="bbox 189 1655 2334 1751; baseline 0 -24"><span class='ocrx_word' id='word_1_107' title='bbox 189 1666 301 1751; x_wconf 87' lang='grc' dir='ltr'><strong><em>κῆς</em></strong></span> <span class='ocrx_word' id='word_1_108' title='bbox 348 1655 636 1751; x_wconf 91' lang='grc' dir='ltr'><strong><em>ἀσοφίη,</em></strong></span> <span class='ocrx_word' id='word_1_109' title='bbox 698 1655 846 1728; x_wconf 76' lang='grc' dir='ltr'><strong><em>ἀλλ’</em></strong></span> <span class='ocrx_word' id='word_1_110' title='bbox 912 1663 978 1730; x_wconf 80' lang='grc' dir='ltr'><strong><em>οἱ</em></strong></span> <span class='ocrx_word' id='word_1_111' title='bbox 1021 1663 1143 1747; x_wconf 82' lang='grc' dir='ltr'><strong><em>μὲν</em></strong></span> <span class='ocrx_word' id='word_1_112' title='bbox 1201 1657 1511 1746; x_wconf 87' lang='grc' dir='ltr'><strong><em>ἀμαθέες</em></strong></span> <span class='ocrx_word' id='word_1_113' title='bbox 1555 1665 1686 1728; x_wconf 79' lang='grc' dir='ltr'><strong><em>τῶν</em></strong></span> <span class='ocrx_word' id='word_1_114' title='bbox 1731 1666 2035 1745; x_wconf 88' lang='grc' dir='ltr'><strong><em>τεχνέων,</em></strong></span> <span class='ocrx_word' id='word_1_115' title='bbox 2096 1661 2334 1751; x_wconf 75' lang='grc' dir='ltr'><strong><em>ἑκάστη</em></strong></span> 
     </span>
     <span class='ocr_line' id='line_1_15' title="bbox 192 1751 2407 1854; baseline 0 -24"><span class='ocrx_word' id='word_1_116' title='bbox 192 1759 253 1830; x_wconf 76' lang='grc' dir='ltr'><strong><em>δ’</em></strong></span> <span class='ocrx_word' id='word_1_117' title='bbox 308 1764 377 1830; x_wconf 77' lang='grc' dir='ltr'><strong><em>ἐν</em></strong></span> <span class='ocrx_word' id='word_1_118' title='bbox 423 1762 639 1852; x_wconf 78' lang='grc' dir='ltr'><strong><em>ἑωυτῇ</em></strong></span> <span class='ocrx_word' id='word_1_119' title='bbox 686 1758 886 1853; x_wconf 91' lang='grc' dir='ltr'><strong><em>σοφή.</em></strong></span> <span class='ocrx_word' id='word_1_120' title='bbox 942 1772 998 1833; x_wconf 86' lang='grc'><strong><em>3.</em></strong></span> <span class='ocrx_word' id='word_1_121' title='bbox 1029 1768 1301 1854; x_wconf 77' lang='grc' dir='ltr'><strong><em>πρῶτον</em></strong></span> <span class='ocrx_word' id='word_1_122' title='bbox 1330 1766 1453 1849; x_wconf 80' lang='grc' dir='ltr'><strong><em>μὲν</em></strong></span> <span class='ocrx_word' id='word_1_123' title='bbox 1483 1751 1574 1833; x_wconf 73' lang='grc' dir='ltr'><strong><em>ὦν</em></strong></span> <span class='ocrx_word' id='word_1_124' title='bbox 1605 1763 1966 1843; x_wconf 89' lang='grc' dir='ltr'><strong><em>Αἰθίοπες</em></strong></span> <span class='ocrx_word' id='word_1_125' title='bbox 1992 1763 2185 1831; x_wconf 89' lang='grc' dir='ltr'><strong><em>τόνδε</em></strong></span> <span class='ocrx_word' id='word_1_126' title='bbox 2214 1763 2332 1832; x_wconf 86' lang='grc' dir='ltr'><strong><em>τὸν</em></strong></span> <span class='ocrx_word' id='word_1_127' title='bbox 2366 1773 2407 1831; x_wconf 81' lang='grc'><strong>8</strong></span> 
     </span>
     <span class='ocr_line' id='line_1_16' title="bbox 191 1859 2333 1956; baseline 0 -25"><span class='ocrx_word' id='word_1_128' title='bbox 191 1867 383 1951; x_wconf 88' lang='grc' dir='ltr'><strong><em>λόγον</em></strong></span> <span class='ocrx_word' id='word_1_129' title='bbox 431 1859 868 1953; x_wconf 83' lang='grc' dir='ltr'><strong><em>ἀνθρώποισι</em></strong></span> <span class='ocrx_word' id='word_1_130' title='bbox 920 1866 1431 1954; x_wconf 84' lang='grc' dir='ltr'><strong><em>κατεστήσαντο.</em></strong></span> <span class='ocrx_word' id='word_1_131' title='bbox 1523 1866 1703 1956; x_wconf 85' lang='grc' dir='ltr'><strong><em>αἰτίη</em></strong></span> <span class='ocrx_word' id='word_1_132' title='bbox 1763 1866 1835 1932; x_wconf 84' lang='grc' dir='ltr'><strong><em>δὲ</em></strong></span> <span class='ocrx_word' id='word_1_133' title='bbox 1893 1860 2191 1933; x_wconf 77' lang='grc' dir='ltr'><strong><em>αὐτέοισι</em></strong></span> <span class='ocrx_word' id='word_1_134' title='bbox 2250 1865 2333 1932; x_wconf 85' lang='grc' dir='ltr'><strong><em>τὰ</em></strong></span> 
     </span>
     <span class='ocr_line' id='line_1_17' title="bbox 190 1964 2334 2056; baseline 0 -22"><span class='ocrx_word' id='word_1_135' title='bbox 190 1969 305 2052; x_wconf 83' lang='grc' dir='ltr'><strong><em>μὲν</em></strong></span> <span class='ocrx_word' id='word_1_136' title='bbox 349 1964 390 2054; x_wconf 84' lang='grc' dir='ltr'>ἡ</span> <span class='ocrx_word' id='word_1_137' title='bbox 441 1973 648 2056; x_wconf 90' lang='grc' dir='ltr'><strong><em>σοφίη</em></strong></span> <span class='ocrx_word' id='word_1_138' title='bbox 693 1972 811 2035; x_wconf 85' lang='grc' dir='ltr'><strong><em>τοῦ</em></strong></span> <span class='ocrx_word' id='word_1_139' title='bbox 855 1968 1091 2048; x_wconf 74' lang='grc' dir='ltr'><strong><em>ἔθνεος</em></strong></span> <span class='ocrx_word' id='word_1_140' title='bbox 1137 2006 1220 2018; x_wconf 91' lang='grc'>-</span> <span class='ocrx_word' id='word_1_141' title='bbox 1262 1969 1527 2056; x_wconf 81' lang='grc' dir='ltr'><strong><em>καὶγὰρ</em></strong></span> <span class='ocrx_word' id='word_1_142' title='bbox 1557 1964 1770 2035; x_wconf 66' lang='grc' dir='ltr'><strong><em>τᾶλλα</em></strong></span> <span class='ocrx_word' id='word_1_143' title='bbox 1800 1972 1932 2035; x_wconf 79' lang='grc' dir='ltr'><strong><em>τῶν</em></strong></span> <span class='ocrx_word' id='word_1_144' title='bbox 1962 1964 2184 2035; x_wconf 77' lang='grc' dir='ltr'><strong><em>ἄλλων</em></strong></span> <span class='ocrx_word' id='word_1_145' title='bbox 2215 1990 2334 2035; x_wconf 93' lang='grc' dir='ltr'><strong><em>σο-</em></strong></span> 
     </span>
     <span class='ocr_line' id='line_1_18' title="bbox 194 2063 2329 2160; baseline 0 -24"><span class='ocrx_word' id='word_1_146' title='bbox 194 2071 486 2158; x_wconf 84' lang='grc' dir='ltr'><strong><em>φώτεροι</em></strong></span> <span class='ocrx_word' id='word_1_147' title='bbox 513 2070 872 2148; x_wconf 89' lang='grc' dir='ltr'><strong><em>Αἰθίοπες</em></strong></span> <span class='ocrx_word' id='word_1_148' title='bbox 917 2108 997 2118; x_wconf 90' lang='lat'><strong><em>-—</em></strong></span> <span class='ocrx_word' id='word_1_149' title='bbox 1043 2068 1128 2137; x_wconf 84' lang='grc' dir='ltr'><strong><em>τά</em></strong></span> <span class='ocrx_word' id='word_1_150' title='bbox 1160 2071 1232 2137; x_wconf 83' lang='grc' dir='ltr'><strong><em>δὲ</em></strong></span> <span class='ocrx_word' id='word_1_151' title='bbox 1273 2075 1386 2139; x_wconf 82' lang='grc' dir='ltr'><strong><em>καὶ</em></strong></span> <span class='ocrx_word' id='word_1_152' title='bbox 1432 2074 1548 2157; x_wconf 84' lang='grc' dir='ltr'><strong><em>τῆς</em></strong></span> <span class='ocrx_word' id='word_1_153' title='bbox 1592 2070 1886 2160; x_wconf 84' lang='grc' dir='ltr'><strong><em>οἰκήσιος</em></strong></span> <span class='ocrx_word' id='word_1_154' title='bbox 1922 2066 1961 2158; x_wconf 84' lang='grc' dir='ltr'>ἡ</span> <span class='ocrx_word' id='word_1_155' title='bbox 1995 2063 2329 2158; x_wconf 73' lang='grc' dir='ltr'><strong><em>εὐμοιρίη·</em></strong></span> 
     </span>
     <span class='ocr_line' id='line_1_19' title="bbox 199 2166 2330 2294; baseline 0.001 -56"><span class='ocrx_word' id='word_1_156' title='bbox 199 2172 325 2240; x_wconf 89' lang='grc' dir='ltr'><strong><em>αἰεὶ</em></strong></span> <span class='ocrx_word' id='word_1_157' title='bbox 366 2171 491 2261; x_wconf 85' lang='grc' dir='ltr'><strong><em>γὰρ</em></strong></span> <span class='ocrx_word' id='word_1_158' title='bbox 539 2178 751 2258; x_wconf 89' lang='grc' dir='ltr'><strong><em>σφέας</em></strong></span> <span class='ocrx_word' id='word_1_159' title='bbox 797 2166 979 2294; x_wconf 81' lang='grc' dir='ltr'><strong><em>εὖδίη</em></strong></span> <span class='ocrx_word' id='word_1_160' title='bbox 1025 2176 1134 2241; x_wconf 85' lang='grc' dir='ltr'><strong><em>καὶ</em></strong></span> <span class='ocrx_word' id='word_1_161' title='bbox 1178 2174 1500 2263; x_wconf 84' lang='grc' dir='ltr'><strong><em>γαληναίη</em></strong></span> <span class='ocrx_word' id='word_1_162' title='bbox 1545 2178 1968 2262; x_wconf 88' lang='grc' dir='ltr'><strong><em>περικέαται·</em></strong></span> <span class='ocrx_word' id='word_1_163' title='bbox 2016 2166 2169 2238; x_wconf 75' lang='grc' dir='ltr'><strong><em>οὐδὲ</em></strong></span> <span class='ocrx_word' id='word_1_164' title='bbox 2197 2175 2330 2240; x_wconf 80' lang='grc' dir='ltr'><strong><em>τῶν</em></strong></span> 
     </span>
     <span class='ocr_line' id='line_1_20' title="bbox 195 2267 2332 2395; baseline 0.001 -56"><span class='ocrx_word' id='word_1_165' title='bbox 195 2279 309 2342; x_wconf 81' lang='grc' dir='ltr'><strong><em>τοῦ</em></strong></span> <span class='ocrx_word' id='word_1_166' title='bbox 353 2274 535 2353; x_wconf 85' lang='grc' dir='ltr'><strong><em>ε’τεος</em></strong></span> <span class='ocrx_word' id='word_1_167' title='bbox 577 2279 885 2395; x_wconf 87' lang='grc' dir='ltr'><strong><em>τροπέων</em></strong></span> <span class='ocrx_word' id='word_1_168' title='bbox 936 2269 1313 2359; x_wconf 85' lang='grc' dir='ltr'><strong><em>ἀνέχονται,</em></strong></span> <span class='ocrx_word' id='word_1_169' title='bbox 1374 2270 1526 2343; x_wconf 77' lang='grc' dir='ltr'><strong><em>ἀλλ’</em></strong></span> <span class='ocrx_word' id='word_1_170' title='bbox 1592 2275 1661 2342; x_wconf 80' lang='grc' dir='ltr'><strong><em>έν</em></strong></span> <span class='ocrx_word' id='word_1_171' title='bbox 1717 2279 1838 2362; x_wconf 82' lang='grc' dir='ltr'><strong><em>μιῇ</em></strong></span> <span class='ocrx_word' id='word_1_172' title='bbox 1894 2267 2031 2362; x_wconf 87' lang='grc' dir='ltr'><strong><em>ω’ρῃ</em></strong></span> <span class='ocrx_word' id='word_1_173' title='bbox 2090 2274 2332 2342; x_wconf 84' lang='grc' dir='ltr'><strong><em>οἰκέου-</em></strong></span> 
     </span>
     <span class='ocr_line' id='line_1_21' title="bbox 108 2372 2333 2468; baseline -0.002 -20"><span class='ocrx_word' id='word_1_174' title='bbox 108 2396 182 2448; x_wconf 78' lang='lat'><strong><em>362</em></strong></span> <span class='ocrx_word' id='word_1_175' title='bbox 201 2400 319 2443; x_wconf 93' lang='grc' dir='ltr'><strong><em>σιν.</em></strong></span> <span class='ocrx_word' id='word_1_176' title='bbox 406 2377 662 2455; x_wconf 78' lang='grc' dir='ltr'><strong><em>ἰδόντες</em></strong></span> <span class='ocrx_word' id='word_1_177' title='bbox 720 2404 813 2445; x_wconf 91' lang='grc' dir='ltr'><strong><em>ων</em></strong></span> <span class='ocrx_word' id='word_1_178' title='bbox 869 2403 1108 2460; x_wconf 89' lang='grc' dir='ltr'><strong><em>πρωτα</em></strong></span> <span class='ocrx_word' id='word_1_179' title='bbox 1162 2377 1282 2465; x_wconf 87' lang='grc' dir='ltr'><strong><em>τὴν</em></strong></span> <span class='ocrx_word' id='word_1_180' title='bbox 1340 2379 1690 2468; x_wconf 87' lang='grc' dir='ltr'><strong><em>σεληναίην</em></strong></span> <span class='ocrx_word' id='word_1_181' title='bbox 1746 2372 1862 2444; x_wconf 81' lang='grc' dir='ltr'><strong><em>οὐκ</em></strong></span> <span class='ocrx_word' id='word_1_182' title='bbox 1918 2375 1985 2454; x_wconf 82' lang='grc' dir='ltr'><strong><em>ές</em></strong></span> <span class='ocrx_word' id='word_1_183' title='bbox 2040 2375 2333 2460; x_wconf 85' lang='grc' dir='ltr'><strong><em>πάμπαν</em></strong></span> 
     </span>
     <span class='ocr_line' id='line_1_22' title="bbox 198 2473 2331 2568; baseline 0.002 -24"><span class='ocrx_word' id='word_1_184' title='bbox 198 2473 424 2565; x_wconf 85' lang='grc' dir='ltr'><strong><em>ὁμοίην</em></strong></span> <span class='ocrx_word' id='word_1_185' title='bbox 480 2482 923 2567; x_wconf 87' lang='grc' dir='ltr'><strong><em>φαινομένην,</em></strong></span> <span class='ocrx_word' id='word_1_186' title='bbox 993 2473 1163 2545; x_wconf 85' lang='grc' dir='ltr'><strong><em>ἀλλὰ</em></strong></span> <span class='ocrx_word' id='word_1_187' title='bbox 1224 2480 1583 2549; x_wconf 85' lang='grc' dir='ltr'><strong><em>πολυειδέα</em></strong></span> <span class='ocrx_word' id='word_1_188' title='bbox 1647 2505 1721 2547; x_wconf 92' lang='grc' dir='ltr'><strong><em>τε</em></strong></span> <span class='ocrx_word' id='word_1_189' title='bbox 1784 2483 2169 2568; x_wconf 88' lang='grc' dir='ltr'><strong><em>γιγνομένην</em></strong></span> <span class='ocrx_word' id='word_1_190' title='bbox 2220 2484 2331 2548; x_wconf 84' lang='grc' dir='ltr'><strong><em>καὶ</em></strong></span> 
     </span>
     <span class='ocr_line' id='line_1_23' title="bbox 200 2574 2327 2671; baseline 0.003 -27"><span class='ocrx_word' id='word_1_191' title='bbox 200 2578 263 2645; x_wconf 80' lang='grc' dir='ltr'><strong><em>έν</em></strong></span> <span class='ocrx_word' id='word_1_192' title='bbox 306 2576 539 2647; x_wconf 68' lang='grc' dir='ltr'><strong><em>ἄλλοτε</em></strong></span> <span class='ocrx_word' id='word_1_193' title='bbox 585 2576 749 2668; x_wconf 90' lang='grc' dir='ltr'><strong><em>αλλῃ</em></strong></span> <span class='ocrx_word' id='word_1_194' title='bbox 793 2584 1024 2669; x_wconf 85' lang='grc' dir='ltr'><strong><em>μορφῇ</em></strong></span> <span class='ocrx_word' id='word_1_195' title='bbox 1069 2586 1517 2671; x_wconf 89' lang='grc' dir='ltr'><strong><em>τρεπομένην,</em></strong></span> <span class='ocrx_word' id='word_1_196' title='bbox 1579 2581 1833 2649; x_wconf 79' lang='grc' dir='ltr'><strong><em>ἐδόκεεν</em></strong></span> <span class='ocrx_word' id='word_1_197' title='bbox 1895 2574 2195 2648; x_wconf 89' lang='grc' dir='ltr'><strong><em>αυτέοισι</em></strong></span> <span class='ocrx_word' id='word_1_198' title='bbox 2249 2582 2327 2650; x_wconf 85' lang='grc' dir='ltr'><strong><em>τὸ</em></strong></span> 
     </span>
     <span class='ocr_line' id='line_1_24' title="bbox 194 2677 2331 2771; baseline 0.001 -21"><span class='ocrx_word' id='word_1_199' title='bbox 194 2685 398 2770; x_wconf 83' lang='grc' dir='ltr'><strong><em>χρῆμα</em></strong></span> <span class='ocrx_word' id='word_1_200' title='bbox 440 2681 808 2765; x_wconf 82' lang='grc' dir='ltr'><strong><em>θωύματος</em></strong></span> <span class='ocrx_word' id='word_1_201' title='bbox 850 2686 961 2750; x_wconf 82' lang='grc' dir='ltr'><strong><em>καὶ</em></strong></span> <span class='ocrx_word' id='word_1_202' title='bbox 1007 2677 1297 2771; x_wconf 87' lang='grc' dir='ltr'><strong><em>ἀπορίης</em></strong></span> <span class='ocrx_word' id='word_1_203' title='bbox 1341 2679 1549 2763; x_wconf 73' lang='grc' dir='ltr'><strong><em>ἀξιον.</em></strong></span> <span class='ocrx_word' id='word_1_204' title='bbox 1639 2683 1835 2750; x_wconf 72' lang='grc' dir='ltr'><strong><em>ἔνθεν</em></strong></span> <span class='ocrx_word' id='word_1_205' title='bbox 1881 2683 1953 2749; x_wconf 82' lang='grc' dir='ltr'><strong><em>δὲ</em></strong></span> <span class='ocrx_word' id='word_1_206' title='bbox 1997 2682 2331 2771; x_wconf 87' lang='grc' dir='ltr'><strong><em>ζητέοντες</em></strong></span> 
     </span>
     <span class='ocr_line' id='line_1_25' title="bbox 199 2776 2325 2874; baseline 0.003 -26"><span class='ocrx_word' id='word_1_207' title='bbox 199 2776 375 2870; x_wconf 81' lang='grc' dir='ltr'><strong><em>εὗρον</em></strong></span> <span class='ocrx_word' id='word_1_208' title='bbox 415 2784 670 2851; x_wconf 85' lang='grc' dir='ltr'><strong><em>τούτων</em></strong></span> <span class='ocrx_word' id='word_1_209' title='bbox 694 2784 835 2872; x_wconf 69' lang='grc' dir='ltr'><strong><em>’τὴν</em></strong></span> <span class='ocrx_word' id='word_1_210' title='bbox 881 2784 1127 2873; x_wconf 83' lang='grc' dir='ltr'><strong><em>αἰτίην,</em></strong></span> <span class='ocrx_word' id='word_1_211' title='bbox 1185 2779 1294 2852; x_wconf 76' lang='grc' dir='ltr'><strong><em>ὅτι</em></strong></span> <span class='ocrx_word' id='word_1_212' title='bbox 1337 2779 1455 2853; x_wconf 80' lang='grc' dir='ltr'><strong><em>οὖκ</em></strong></span> <span class='ocrx_word' id='word_1_213' title='bbox 1511 2785 1687 2854; x_wconf 74' lang='grc' dir='ltr'><strong><em>ἰ’διον</em></strong></span> <span class='ocrx_word' id='word_1_214' title='bbox 1740 2789 1823 2873; x_wconf 78' lang='grc' dir='ltr'><strong><em>τῇ</em></strong></span> <span class='ocrx_word' id='word_1_215' title='bbox 1882 2787 2191 2874; x_wconf 85' lang='grc' dir='ltr'><strong><em>σεληναίῃ</em></strong></span> <span class='ocrx_word' id='word_1_216' title='bbox 2248 2787 2325 2855; x_wconf 84' lang='grc' dir='ltr'><strong><em>τὸ</em></strong></span> 
     </span>
     <span class='ocr_line' id='line_1_26' title="bbox 199 2880 2397 2975; baseline 0 -24"><span class='ocrx_word' id='word_1_217' title='bbox 199 2884 457 2972; x_wconf 81' lang='grc' dir='ltr'><strong><em>φέγγος,</em></strong></span> <span class='ocrx_word' id='word_1_218' title='bbox 520 2880 693 2952; x_wconf 88' lang='grc' dir='ltr'><strong><em>ἀλλά</em></strong></span> <span class='ocrx_word' id='word_1_219' title='bbox 738 2887 804 2953; x_wconf 82' lang='grc' dir='ltr'><strong><em>οἱ</em></strong></span> <span class='ocrx_word' id='word_1_220' title='bbox 848 2880 1013 2971; x_wconf 75' lang='grc' dir='ltr'><strong><em>παρ’</em></strong></span> <span class='ocrx_word' id='word_1_221' title='bbox 1074 2881 1298 2975; x_wconf 82' lang='grc' dir='ltr'><strong><em>ἠελίου</em></strong></span> <span class='ocrx_word' id='word_1_222' title='bbox 1361 2886 1638 2975; x_wconf 67' lang='grc' dir='ltr'><strong><em>ἔρχεται.</em></strong></span> <span class='ocrx_word' id='word_1_223' title='bbox 1728 2894 1786 2953; x_wconf 92' lang='grc'><strong><em>4.</em></strong></span> <span class='ocrx_word' id='word_1_224' title='bbox 1834 2881 2023 2974; x_wconf 81' lang='grc' dir='ltr'><strong><em>εὗρον</em></strong></span> <span class='ocrx_word' id='word_1_225' title='bbox 2083 2887 2155 2954; x_wconf 83' lang='grc' dir='ltr'><strong><em>δὲ</em></strong></span> <span class='ocrx_word' id='word_1_226' title='bbox 2211 2893 2320 2957; x_wconf 88' lang='grc' dir='ltr'><strong><em>καὶ</em></strong></span> <span class='ocrx_word' id='word_1_227' title='bbox 2358 2898 2397 2951; x_wconf 74' lang='lat'>4</span> 
     </span>
     <span class='ocr_line' id='line_1_27' title="bbox 198 2982 2327 3077; baseline 0.004 -28"><span class='ocrx_word' id='word_1_228' title='bbox 198 2995 318 3054; x_wconf 82' lang='grc' dir='ltr'><strong><em>τών</em></strong></span> <span class='ocrx_word' id='word_1_229' title='bbox 363 2983 579 3056; x_wconf 73' lang='grc' dir='ltr'><strong><em>ἄλλων</em></strong></span> <span class='ocrx_word' id='word_1_230' title='bbox 625 2982 921 3072; x_wconf 79' lang='grc' dir='ltr'><strong><em>ἀστέρων</em></strong></span> <span class='ocrx_word' id='word_1_231' title='bbox 963 2987 1084 3077; x_wconf 87' lang='grc' dir='ltr'><strong><em>τὴν</em></strong></span> <span class='ocrx_word' id='word_1_232' title='bbox 1130 2989 1374 3077; x_wconf 90' lang='grc' dir='ltr'><strong><em>φορήν,</em></strong></span> <span class='ocrx_word' id='word_1_233' title='bbox 1429 2989 1582 3067; x_wconf 79' lang='grc' dir='ltr'><strong><em>τοὺς</em></strong></span> <span class='ocrx_word' id='word_1_234' title='bbox 1627 2988 1704 3077; x_wconf 87' lang='grc' dir='ltr'><strong><em>δὴ</em></strong></span> <span class='ocrx_word' id='word_1_235' title='bbox 1753 2989 2094 3075; x_wconf 89' lang='grc' dir='ltr'><strong><em>πλάνητας</em></strong></span> <span class='ocrx_word' id='word_1_236' title='bbox 2138 2986 2327 3077; x_wconf 81' lang='grc' dir='ltr'><strong><em>ἡμεῖς</em></strong></span> 
     </span>
     <span class='ocr_line' id='line_1_28' title="bbox 197 3086 2326 3179; baseline 0.003 -25"><span class='ocrx_word' id='word_1_237' title='bbox 197 3089 496 3175; x_wconf 79' lang='grc' dir='ltr'><strong><em>καλέομεν</em></strong></span> <span class='ocrx_word' id='word_1_238' title='bbox 540 3129 624 3139; x_wconf 93' lang='grc'>-</span> <span class='ocrx_word' id='word_1_239' title='bbox 669 3094 907 3173; x_wconf 85' lang='grc' dir='ltr'><strong><em>μοῦνοι</em></strong></span> <span class='ocrx_word' id='word_1_240' title='bbox 935 3091 1063 3179; x_wconf 86' lang='grc' dir='ltr'><strong><em>γὰρ</em></strong></span> <span class='ocrx_word' id='word_1_241' title='bbox 1093 3095 1226 3158; x_wconf 80' lang='grc' dir='ltr'><strong><em>τῶν</em></strong></span> <span class='ocrx_word' id='word_1_242' title='bbox 1260 3087 1480 3158; x_wconf 69' lang='grc' dir='ltr'><strong><em>ἄλλων</em></strong></span> <span class='ocrx_word' id='word_1_243' title='bbox 1510 3086 1850 3178; x_wconf 76' lang='grc' dir='ltr'><strong><em>[ἀστέρων]</em></strong></span> <span class='ocrx_word' id='word_1_244' title='bbox 1880 3090 2212 3160; x_wconf 84' lang='grc' dir='ltr'><strong><em>κινέονται</em></strong></span> <span class='ocrx_word' id='word_1_245' title='bbox 2242 3131 2326 3140; x_wconf 90' lang='grc'>-</span> 
     </span>
     <span class='ocr_line' id='line_1_29' title="bbox 200 3185 2325 3282; baseline 0.002 -26"><span class='ocrx_word' id='word_1_246' title='bbox 200 3190 388 3276; x_wconf 82' lang='grc' dir='ltr'><strong><em>φύσιν</em></strong></span> <span class='ocrx_word' id='word_1_247' title='bbox 450 3218 523 3259; x_wconf 90' lang='grc' dir='ltr'><strong><em>τε</em></strong></span> <span class='ocrx_word' id='word_1_248' title='bbox 590 3185 808 3260; x_wconf 73' lang='grc' dir='ltr'><strong><em>αὐτῶν</em></strong></span> <span class='ocrx_word' id='word_1_249' title='bbox 873 3196 987 3259; x_wconf 88' lang='grc' dir='ltr'><strong><em>καὶ</em></strong></span> <span class='ocrx_word' id='word_1_250' title='bbox 1045 3193 1434 3282; x_wconf 89' lang='grc' dir='ltr'><strong><em>δυναστείην</em></strong></span> <span class='ocrx_word' id='word_1_251' title='bbox 1490 3197 1599 3261; x_wconf 88' lang='grc' dir='ltr'><strong><em>καὶ</em></strong></span> <span class='ocrx_word' id='word_1_252' title='bbox 1655 3192 1843 3280; x_wconf 72' lang='grc' dir='ltr'><strong><em>ἔργα,</em></strong></span> <span class='ocrx_word' id='word_1_253' title='bbox 1908 3192 1991 3259; x_wconf 82' lang='grc' dir='ltr'><strong><em>τὰ</em></strong></span> <span class='ocrx_word' id='word_1_254' title='bbox 2052 3192 2325 3271; x_wconf 70' lang='grc' dir='ltr'><strong><em>ἕκαστος</em></strong></span> 
     </span>
     <span class='ocr_line' id='line_1_30' title="bbox 195 3288 2322 3379; baseline 0.002 -22"><span class='ocrx_word' id='word_1_255' title='bbox 195 3289 656 3362; x_wconf 76' lang='grc' dir='ltr'><strong><em>ἐπιτελέουσιν.</em></strong></span> <span class='ocrx_word' id='word_1_256' title='bbox 748 3294 815 3361; x_wconf 80' lang='grc' dir='ltr'><strong><em>ἐν</em></strong></span> <span class='ocrx_word' id='word_1_257' title='bbox 868 3294 941 3360; x_wconf 82' lang='grc' dir='ltr'><strong><em>δὲ</em></strong></span> <span class='ocrx_word' id='word_1_258' title='bbox 997 3298 1109 3362; x_wconf 88' lang='grc' dir='ltr'><strong><em>καὶ</em></strong></span> <span class='ocrx_word' id='word_1_259' title='bbox 1168 3290 1505 3379; x_wconf 90' lang='grc' dir='ltr'><strong><em>ουνόματα</em></strong></span> <span class='ocrx_word' id='word_1_260' title='bbox 1566 3288 1901 3362; x_wconf 88' lang='grc' dir='ltr'><strong><em>αυτεοῖσιν</em></strong></span> <span class='ocrx_word' id='word_1_261' title='bbox 1958 3292 2322 3376; x_wconf 76' lang='grc' dir='ltr'><strong><em>ἐπέθεσαν,</em></strong></span> 
     </span>
     <span class='ocr_line' id='line_1_31' title="bbox 195 3389 2391 3485; baseline 0.003 -27"><span class='ocrx_word' id='word_1_262' title='bbox 195 3417 300 3459; x_wconf 87' lang='grc' dir='ltr'><strong><em>ουκ</em></strong></span> <span class='ocrx_word' id='word_1_263' title='bbox 341 3390 691 3480; x_wconf 81' lang='grc' dir='ltr'><strong><em>οὗνόματα,</em></strong></span> <span class='ocrx_word' id='word_1_264' title='bbox 738 3389 909 3474; x_wconf 87' lang='grc' dir='ltr'><strong><em>όκως</em></strong></span> <span class='ocrx_word' id='word_1_265' title='bbox 953 3395 1235 3482; x_wconf 77' lang='grc' dir='ltr'><strong><em>ἐδόκεον,</em></strong></span> <span class='ocrx_word' id='word_1_266' title='bbox 1281 3390 1453 3464; x_wconf 78' lang='grc' dir='ltr'><strong><em>ἀλλὰ</em></strong></span> <span class='ocrx_word' id='word_1_267' title='bbox 1494 3396 1763 3485; x_wconf 85' lang='grc' dir='ltr'><strong><em>σημήια.</em></strong></span> <span class='ocrx_word' id='word_1_268' title='bbox 1855 3403 1913 3463; x_wconf 84' lang='grc'><strong><em>5.</em></strong></span> <span class='ocrx_word' id='word_1_269' title='bbox 1958 3399 2169 3462; x_wconf 84' lang='grc' dir='ltr'><strong><em>ταῦτα</em></strong></span> <span class='ocrx_word' id='word_1_270' title='bbox 2195 3398 2317 3481; x_wconf 81' lang='grc' dir='ltr'><strong><em>μὲν</em></strong></span> <span class='ocrx_word' id='word_1_271' title='bbox 2352 3407 2391 3463; x_wconf 78' lang='lat'>5</span> 
     </span>
     <span class='ocr_line' id='line_1_32' title="bbox 195 3483 2320 3585; baseline 0.003 -26"><span class='ocrx_word' id='word_1_272' title='bbox 195 3483 274 3559; x_wconf 83' lang='grc' dir='ltr'><strong><em>ὧν</em></strong></span> <span class='ocrx_word' id='word_1_273' title='bbox 315 3498 667 3576; x_wconf 88' lang='grc' dir='ltr'><strong><em>Αἰθίοπες</em></strong></span> <span class='ocrx_word' id='word_1_274' title='bbox 712 3498 781 3565; x_wconf 80' lang='grc' dir='ltr'><strong><em>ἐν</em></strong></span> <span class='ocrx_word' id='word_1_275' title='bbox 825 3502 921 3585; x_wconf 72' lang='grc' dir='ltr'><strong><em>τῷ</em></strong></span> <span class='ocrx_word' id='word_1_276' title='bbox 954 3492 1214 3585; x_wconf 76' lang='grc' dir='ltr'><strong><em>ουρανῴ</em></strong></span> <span class='ocrx_word' id='word_1_277' title='bbox 1246 3498 1646 3584; x_wconf 73' lang='grc' dir='ltr'><strong><em>ἐπέβλεψαν.</em></strong></span> <span class='ocrx_word' id='word_1_278' title='bbox 1730 3496 1899 3582; x_wconf 85' lang='grc' dir='ltr'><strong><em>μετὰ</em></strong></span> <span class='ocrx_word' id='word_1_279' title='bbox 1932 3498 2004 3564; x_wconf 81' lang='grc' dir='ltr'><strong><em>δὲ</em></strong></span> <span class='ocrx_word' id='word_1_280' title='bbox 2030 3504 2320 3584; x_wconf 86' lang='grc' dir='ltr'><strong><em>γείτοσιν</em></strong></span> 
     </span>
     <span class='ocr_line' id='line_1_33' title="bbox 197 3583 2321 3687; baseline 0.003 -26"><span class='ocrx_word' id='word_1_281' title='bbox 197 3583 367 3663; x_wconf 77' lang='grc' dir='ltr'><strong><em>οὖσιν</em></strong></span> <span class='ocrx_word' id='word_1_282' title='bbox 417 3600 906 3686; x_wconf 88' lang='grc' dir='ltr'><strong><em>Αἰγυπτίοισιν</em></strong></span> <span class='ocrx_word' id='word_1_283' title='bbox 965 3594 1202 3668; x_wconf 87' lang='grc' dir='ltr'><strong><em>ἀτελέα</em></strong></span> <span class='ocrx_word' id='word_1_284' title='bbox 1253 3600 1369 3670; x_wconf 82' lang='grc' dir='ltr'><strong><em>τὸν</em></strong></span> <span class='ocrx_word' id='word_1_285' title='bbox 1428 3601 1622 3687; x_wconf 89' lang='grc' dir='ltr'><strong><em>λόγον</em></strong></span> <span class='ocrx_word' id='word_1_286' title='bbox 1689 3600 2112 3687; x_wconf 88' lang='grc' dir='ltr'><strong><em>παρέδοσαν,</em></strong></span> <span class='ocrx_word' id='word_1_287' title='bbox 2180 3600 2321 3667; x_wconf 86' lang='grc' dir='ltr'><strong><em>Αἰ·-</em></strong></span> 
     </span>
     <span class='ocr_line' id='line_1_34' title="bbox 197 3698 2319 3791; baseline 0.002 -27"><span class='ocrx_word' id='word_1_288' title='bbox 197 3698 447 3781; x_wconf 86' lang='grc' dir='ltr'><strong><em>γύπτιοι</em></strong></span> <span class='ocrx_word' id='word_1_289' title='bbox 489 3703 560 3769; x_wconf 84' lang='grc' dir='ltr'><strong><em>δὲ</em></strong></span> <span class='ocrx_word' id='word_1_290' title='bbox 605 3701 793 3790; x_wconf 86' lang='grc' dir='ltr'><strong><em>παρὰ</em></strong></span> <span class='ocrx_word' id='word_1_291' title='bbox 842 3702 1067 3790; x_wconf 88' lang='grc' dir='ltr'><strong><em>σφέων</em></strong></span> <span class='ocrx_word' id='word_1_292' title='bbox 1111 3703 1531 3788; x_wconf 78' lang='grc' dir='ltr'><strong><em>ἐκδεξάμενοι</em></strong></span> <span class='ocrx_word' id='word_1_293' title='bbox 1570 3700 1891 3791; x_wconf 83' lang='grc' dir='ltr'><strong><em>ἡμιεργέα</em></strong></span> <span class='ocrx_word' id='word_1_294' title='bbox 1933 3700 2052 3790; x_wconf 86' lang='grc' dir='ltr'><strong><em>τὴν</em></strong></span> <span class='ocrx_word' id='word_1_295' title='bbox 2079 3728 2319 3787; x_wconf 87' lang='grc' dir='ltr'><strong><em>μαντι-</em></strong></span> 
     </span>
     <span class='ocr_line' id='line_1_35' title="bbox 198 3799 2319 3895; baseline 0.002 -31"><span class='ocrx_word' id='word_1_296' title='bbox 198 3800 304 3889; x_wconf 83' lang='grc' dir='ltr'><strong><em>κὴν</em></strong></span> <span class='ocrx_word' id='word_1_297' title='bbox 365 3801 469 3869; x_wconf 81' lang='grc' dir='ltr'><strong><em>επὶ</em></strong></span> <span class='ocrx_word' id='word_1_298' title='bbox 534 3802 726 3888; x_wconf 85' lang='grc' dir='ltr'><strong><em>μέζον</em></strong></span> <span class='ocrx_word' id='word_1_299' title='bbox 791 3799 1060 3890; x_wconf 80' lang='grc' dir='ltr'><strong><em>ἤγειραν</em></strong></span> <span class='ocrx_word' id='word_1_300' title='bbox 1123 3805 1331 3888; x_wconf 89' lang='grc' dir='ltr'><strong><em>μέτρα</em></strong></span> <span class='ocrx_word' id='word_1_301' title='bbox 1386 3830 1460 3872; x_wconf 85' lang='grc' dir='ltr'><strong><em>τε</em></strong></span> <span class='ocrx_word' id='word_1_302' title='bbox 1514 3808 1632 3895; x_wconf 86' lang='grc' dir='ltr'><strong><em>τῆς</em></strong></span> <span class='ocrx_word' id='word_1_303' title='bbox 1689 3802 1969 3871; x_wconf 79' lang='grc' dir='ltr'><strong><em>ἑκάστου</em></strong></span> <span class='ocrx_word' id='word_1_304' title='bbox 2024 3803 2319 3891; x_wconf 89' lang='grc' dir='ltr'><strong><em>κινήσιος</em></strong></span> 
     </span>
     <span class='ocr_line' id='line_1_36' title="bbox 203 3898 2316 3995; baseline 0.002 -29"><span class='ocrx_word' id='word_1_305' title='bbox 203 3898 582 3992; x_wconf 73' lang='grc' dir='ltr'><strong><em>ἐσημήναντο</em></strong></span> <span class='ocrx_word' id='word_1_306' title='bbox 647 3907 758 3972; x_wconf 82' lang='grc' dir='ltr'><strong><em>καὶ</em></strong></span> <span class='ocrx_word' id='word_1_307' title='bbox 826 3904 1024 3972; x_wconf 83' lang='grc' dir='ltr'><strong><em>έτέων</em></strong></span> <span class='ocrx_word' id='word_1_308' title='bbox 1093 3900 1391 3992; x_wconf 84' lang='grc' dir='ltr'><strong><em>ἀριθμὸν</em></strong></span> <span class='ocrx_word' id='word_1_309' title='bbox 1455 3910 1567 3974; x_wconf 84' lang='grc' dir='ltr'><strong><em>καὶ</em></strong></span> <span class='ocrx_word' id='word_1_310' title='bbox 1632 3910 1857 3995; x_wconf 82' lang='grc' dir='ltr'><strong><em>μηνιῦν</em></strong></span> <span class='ocrx_word' id='word_1_311' title='bbox 1924 3908 2034 3972; x_wconf 86' lang='grc' dir='ltr'><strong><em>καὶ</em></strong></span> <span class='ocrx_word' id='word_1_312' title='bbox 2093 3901 2316 3991; x_wconf 78' lang='grc' dir='ltr'><strong><em>ὡρέων</em></strong></span> 
     </span>
     <span class='ocr_line' id='line_1_37' title="bbox 204 4002 2315 4096; baseline 0.003 -30"><span class='ocrx_word' id='word_1_313' title='bbox 204 4002 581 4083; x_wconf 82' lang='grc' dir='ltr'><strong><em>διετάξαντο.</em></strong></span> <span class='ocrx_word' id='word_1_314' title='bbox 667 4009 779 4073; x_wconf 83' lang='grc' dir='ltr'><strong><em>καὶ</em></strong></span> <span class='ocrx_word' id='word_1_315' title='bbox 822 4011 1047 4096; x_wconf 82' lang='grc' dir='ltr'><strong><em>μηνῶν</em></strong></span> <span class='ocrx_word' id='word_1_316' title='bbox 1090 4009 1212 4092; x_wconf 83' lang='grc' dir='ltr'><strong><em>μὲν</em></strong></span> <span class='ocrx_word' id='word_1_317' title='bbox 1257 4014 1456 4094; x_wconf 91' lang='grc' dir='ltr'><strong><em>σφίσι</em></strong></span> <span class='ocrx_word' id='word_1_318' title='bbox 1498 4002 1737 4093; x_wconf 86' lang='grc' dir='ltr'><strong><em>μέτρον</em></strong></span> <span class='ocrx_word' id='word_1_319' title='bbox 1779 4003 1819 4093; x_wconf 84' lang='grc' dir='ltr'>ἡ</span> <span class='ocrx_word' id='word_1_320' title='bbox 1859 4007 2172 4094; x_wconf 89' lang='grc' dir='ltr'><strong><em>σεληναίη</em></strong></span> <span class='ocrx_word' id='word_1_321' title='bbox 2203 4009 2315 4073; x_wconf 88' lang='grc' dir='ltr'><strong><em>καὶ</em></strong></span> 
     </span>
    </p>
   </div>
  </div>
 </body>
</html>
