2800 4500
882 250 1185 306 ΑΛΗΘΟΥΣ
1220 252 1517 306 ΙΣΤΟΡΙΑΣ
1555 260 1609 307 Α.
2231 256 2312 313 41

176 424 390 510 κῆτος,
451 419 762 507 ἑωρῶμεν
808 416 1047 487 ἄλλοτε
1089 421 1210 505 μὲν
1253 425 1404 508 γῆν,
1468 416 1705 488 ἄλλοτε
1751 422 1822 488 δὲ
1866 418 2020 511 ὅρη,
2083 419 2320 492 ἄλλοτε

179 523 243 588 δὲ
284 522 493 607 μόνον
537 522 654 589 τὸν
701 517 1011 608 οὐρανόν,
1060 518 1383 602 πολλάκις
1430 523 1502 591 δὲ
1546 527 1657 591 καὶ
1707 524 1978 613 νήσους·
2039 529 2148 593 καὶ
2192 526 2317 613 γὰρ

176 619 1043 713 ᾐσθανόμεθαζφερομένου
1091 620 1293 693 αὐτοῦ
1338 620 1544 705 ὀξέως
1591 624 1761 709 πρὸς
1808 629 1944 692 πᾶν
1974 633 2174 715 μέρος
2202 633 2318 717 τῆς

173 728 533 815 θαλάττης.
625 727 773 795 ἐπεὶ
820 728 892 794 δὲ
933 723 1059 816 ἤδη
1121 727 1366 807 ἐθάδες
1422 733 1505 817 τῇ
1561 729 1870 816 διατριβῇ
1931 729 2316 815 ἐγενόμεθα,

174 828 385 915 λαβὼν
434 828 612 896 ἑπτὰ
657 833 789 895 τιῦν
834 829 1118 914 ἑταίρων
1164 828 1468 913 ἐβάδιζον
1514 829 1581 909 ἐς
1624 829 1743 915 τὴν
1791 829 1945 918 ὕλην
2004 853 2317 918 περισκο-

173 926 533 1021 πήσασθαι
578 930 660 997 τὰ
707 931 930 998 πάντα
972 932 1395 1017 βουλόμενος.
1486 927 1678 1000 οὔπω
1738 933 1810 999 δὲ
1867 927 2064 1012 ὅλους
2117 938 2319 1000 πέντε

174 1032 462 1101 διελθών
511 1035 824 1112 σταδίους
870 1028 1057 1120 εὖρον
1107 1033 1285 1123 ἱερὸν
1331 1035 1788 1116 Ποσειδῶνος,
1849 1031 1942 1113 ὦς
1998 1035 2230 1125 ἐδήλου
2275 1031 2313 1123 ἡ

174 1137 530 1225 ἐπιγραφή,
575 1140 687 1204 καὶ
730 1130 864 1220 μετ’
920 1130 994 1204 οὗ
1042 1135 1213 1204 πολὺ
1259 1140 1369 1204 καὶ
1415 1137 1672 1225 τάφους
1702 1138 1996 1217 πολλοὺς
2024 1142 2132 1206 καὶ
2168 1138 2317 1227 στή-

174 1241 285 1318 λας
328 1235 443 1306 ἐπ’
503 1234 719 1306 αὐτῶν
765 1241 1052 1328 πλησίον
1110 1265 1183 1307 τε
1240 1239 1457 1327 πηγὴν
1514 1233 1757 1318 ῧδατος
1817 1241 2157 1325 διαυγοῦς,
2219 1241 2320 1308 ἔτι

175 1343 239 1407 δὲ
280 1345 393 1409 καὶ
439 1339 635 1419 κυνὸς
677 1337 922 1427 ὑλακὴν
965 1335 1287 1427 ἠκούομεν
1331 1345 1442 1409 καὶ
1489 1341 1744 1421 καπνὸς
1789 1341 2101 1430 ἐφαίνετο
2148 1343 2318 1426 πόρ-

174 1452 387 1533 ρωθεν
435 1451 553 1512 καί
596 1470 747 1512 τινα
792 1448 905 1512 καὶ
952 1443 1234 1511 ἔπαυλιν
1279 1443 1644 1528 εἰκάζομεν.
1733 1450 1835 1513 33.
1883 1445 2146 1533 σπουδῇ
2207 1433 2419 1519 οὖν88

171 1547 549 1633 βαδίζοντες
595 1545 1026 1633 εφιστάμεθα
1071 1545 1409 1633 πρεσβύτῃ
1440 1549 1553 1614 καὶ
1585 1553 1905 1633 νεανίσκῳ
1935 1546 2116 1630 μάλα
2147 1572 2319 1634 προ-

172 1650 402 1733 θύμως
448 1649 751 1730 πρασιάν
796 1674 945 1716 τινα
990 1647 1450 1734 ἐργαζομένοις
1493 1652 1604 1716 καὶ
1649 1642 1827 1736 ῗδωρ
1865 1643 2005 1716 άπὸ
2039 1654 2157 1738 τῆς
2188 1675 2320 1737 πη-

172 1757 278 1840 γῆς
325 1747 439 1819 ἐπ’
501 1745 702 1840 αὐτὴν
746 1750 1257 1833 διοχετεύουσιν·
1318 1747 1644 1837 ἡσθέντες
1690 1776 1804 1818 ουν
1851 1744 1990 1835 άμα
2033 1754 2145 1819 καὶ
2192 1778 2319 1840 φο·-

172 1860 491 1943 βηθέντες
537 1854 844 1943 ε’στημεν·
903 1849 1194 1922 κάκεῖνοι
1240 1856 1312 1921 δὲ
1356 1849 1600 1922 ταῦτὸν
1645 1851 1802 1942 ἡμῖν
1860 1881 1952 1934 ως
2008 1854 2083 1923 τὸ
2146 1855 2321 1935 εἰκὸς

177 1958 519 2035 παθόντες
566 1952 845 2025 άναυδοι
889 1957 1425 2044 παρεστήκεσαν·
1480 1957 1698 2044 χρόνῳ
1746 1958 1818 2024 δὲ
1863 1955 1898 2024 ὁ
1946 1959 2321 2086 πρεσβύτης

178 2059 365 2148 ε’φη,,
369 2067 600 2140 ,Τίνες
632 2056 762 2145 άρα
791 2055 980 2143 ὑμεῖς
1012 2059 1178 2141 ἐστε,
1212 2086 1264 2125 ω
1301 2060 1512 2142 ξένοις
1555 2060 1903 2145 πότερονιῇ
1951 2059 2098 2148 ε’φη,
2146 2065 2321 2141 ,,τιῦν

180 2161 453 2230 εναλίων
501 2152 910 2246 δαιμόνων
882 2190 920 2247 η
968 2157 1331 2247 άνθρωποι
1375 2163 1713 2246 δυστυχεῖς
1755 2159 1913 2253 ἡμῖν
1957 2162 2320 2250 παραπλή-

181 2289 347 2349 σιοι,·
391 2268 507 2332 καὶ
552 2290 678 2353 γαρ
725 2262 913 2351 ἡμεῖς
959 2258 1322 2351 ανθρωποι
1365 2291 1553 2345 οντες
1594 2269 1705 2332 καὶ
1753 2265 1820 2332 ἐν
1848 2270 1931 2354 γῇ
1961 2271 2323 2353 τραφέντες

181 2372 282 2435 νῦν
324 2368 696 2435 θαλάττιοι
739 2368 1096 2455 γεγόναμεν
1140 2371 1252 2435 καὶ
1300 2368 1766 2455 συννηχόμεθα
1810 2372 1907 2454 τιῦ
1949 2373 2326 2451 περιέχοντι

178 2472 381 2558 τούτῳ
429 2477 678 2593 θηρίῳ,
727 2464 871 2537 οὐδ’
925 2469 966 2536 ἃ
1014 2470 1357 2554 πάσχομεν
1405 2465 1691 2555 ἆκριβιῦς
1737 2431 2018 2549 ειδότες·
2077 2464 2325 2538 τεθνά-

182 2600 284 2640 ναι
324 2575 446 2656 μὲν
493 2571 619 2659 γάρ
665 2573 1025 2657 εἰκάζομεν,
1074 2572 1184 2659 ζῆν
1232 2574 1305 2641 δὲ
1350 2573 1818 2657 πιστεύομενζῆ
1909 2573 2083 2659 πρὸς
2113 2577 2325 2641 ταῦτα

184 2670 346 2760 κᾶγώ
376 2673 605 2743 εἶπον·
653 2678 832 2757 ,,Καὶ
858 2672 1046 2763 ἡμεῖς
1082 2702 1191 2744 τοι
1229 2682 1593 2762 ανθρωποι
1630 2676 1951 2762 νεήλυδες,
1998 2704 2049 2743 ω
2089 2677 2322 2762 πάτερ,

118 2788 164 2840 97
186 2772 355 2864 αὐτῷ
403 2777 651 2867 σκάφει
696 2778 931 2867 πρώην
980 2783 1506 2856 καταποθέντες.
1596 2778 2035 2868 προήλθομεν
2096 2780 2167 2846 δὲ
2214 2785 2326 2848 νῦν

181 2880 575 2964 βουλόμενοι
617 2886 868 2964 μαθεῖν
912 2879 996 2945 τὰ
1045 2879 1112 2947 ἐν
1157 2884 1237 2967 τῇ
1282 2872 1403 2967 ύλῃ
1451 2876 1543 2958 ιῦς
1588 2880 1750 2964 ε’χει·
1799 2881 2014 2970 πολλὴ
2060 2882 2183 2968 γάρ
2223 2907 2326 2960 τις

182 2986 283 3049 καὶ
341 2983 577 3061 λάσιος
634 2983 966 3070 ἐφαίνετο.
1057 2983 1316 3066 δαίμων
1376 2984 1449 3049 δέ
1506 3006 1638 3061 τις,
1698 2980 1790 3062 ὡς
1848 2984 2088 3064 ἔοικεν,
2150 2980 2325 3071 ἡμᾶς

182 3080 372 3171 ἤγαγε
418 3091 496 3152 σέ
537 3110 610 3152 τε
653 3083 1032 3170 ὀψομένους
1076 3088 1185 3153 καὶ
1245 3085 1630 3169 εἰσομένους
1688 3078 1795 3153 ὅτι
1850 3083 1938 3172 μὴ
1999 3086 2196 3169 μόνοι
2257 3085 2324 3153 ἐν

184 3188 345 3272 τῷδε
389 3192 859 3274 καθείργμεθα
903 3191 999 3273 τῷ
1044 3193 1297 3276 θηρίῳ·
1354 3182 1528 3254 ἀλλὰ
1574 3187 1836 3275 φράσον
1880 3212 1953 3274 γε
1996 3184 2152 3275 ἡμῖν
2206 3187 2324 3275 τὴν

186 3294 422 3357 σαυτοῦ
478 3284 705 3379 τύχην,
770 3283 958 3368 ὅστις
1027 3279 1118 3357 ὢν
1178 3289 1368 3369 ὅπως
1425 3290 1617 3375 δεῦρο
1679 3289 2057 3377 εἰσῆλθες.“
2156 3285 2190 3357 ὅ
2252 3290 2323 3356 δὲ

188 3384 254 3457 οὗ
300 3393 630 3478 πρότερον
677 3393 804 3480 ἔφη
853 3392 1023 3478 ἐρεῖν
1070 3386 1225 3459 οὐδὲ
1268 3393 1656 3460 πεύσεσθαι
1702 3387 1867 3480 παρ’
1919 3388 2105 3480 ἡμῶν
2163 3395 2325 3474 πρὶν

190 3491 407 3569 ξενίων
450 3499 583 3561 τῶν
630 3494 983 3579 παρόντων
1027 3495 1469 3577 μεταδοῦναι,
1527 3498 1640 3561 καὶ
1687 3494 1910 3579 λαβὼν
1954 3491 2129 3584 ἡμᾶς
2175 3482 2323 3584 ἦγεν

192 3593 294 3662 ἐπὶ
339 3595 455 3687 τὴν
516 3596 732 3664 οἰκίαν
777 3634 858 3645 --
906 3597 1274 3684 ἐπεποίητο
1332 3598 1404 3664 δὲ
1465 3591 1751 3685 αὐτάρκη
1816 3596 1947 3684 [καὶ
2007 3598 2324 3683 στιβάδας

191 3695 634 3786 ἐνῳκοδόμητο
679 3702 791 3766 καὶ
840 3697 922 3764 τὰ
968 3693 1139 3765 ἄλλα
1182 3693 1514 3787 ἐξήρτυτο]
1548 3738 1630 3747 -
1662 3702 2005 3786 παραθεὶς
2051 3700 2122 3766 δὲ
2168 3696 2324 3788 ἡμῖν

192 3799 427 3883 λάχανά
470 3826 545 3869 τε
578 3803 690 3867 καὶ
724 3795 1056 3888 ἀκρόδρυα
1084 3805 1197 3869 καὶ
1230 3802 1445 3884 ἰχθῦς,
1494 3801 1593 3869 ἔτι
1626 3802 1697 3868 δὲ
1725 3805 1835 3868 καὶ
1868 3798 2050 3869 οἶνον
2082 3800 2322 3886 ἐγχέας,

195 3899 408 3990 ἐπειδὴ
471 3904 708 3981 ἱκανῶς
763 3902 1242 3991 ἐκορέσθημεν,
1314 3903 1731 3971 ἐπυνθάνετο
1801 3902 1842 3968 ἃ
1912 3902 2324 3970 ἐπεπόνθει-

195 4023 333 4085 μεν·
386 4001 562 4093 κάγώ
607 4006 832 4074 πάντα
877 4006 1023 4095 ἑξῆς
1076 4006 1516 4095 διηγησάμην,
1576 4006 1691 4073 τόν
1735 4030 1808 4072 τε
1857 4008 2152 4087 χειμῶνα
2211 4007 2323 4071 καὶ
