2800 4500
780 212 912 265 unz:
946 214 1052 264 ΔΕΙ
1085 213 1388 266 mmmm
1423 213 1842 266 ΣΥΓΓΡΑΦΕΙΝ.
2349 213 2381 270 7

226 379 761 467 ἐξεργάσασθαι·
808 375 962 448 οὐδὲ
989 380 1115 468 γὰρ
1144 380 1312 448 κατὰ
1344 381 1464 470 τὴν
1492 387 1719 470 τέχνην
1752 376 1913 448 αὐτὸ
1950 382 2112 469 δρᾶν
2156 383 2386 452 ἰ’σασιν

226 476 381 549 οὐδ’
434 481 896 562 ἐπισκιάζουσι
939 482 1061 568 τὴν
1104 488 1451 563 θωπείαν,
1508 477 1656 549 ἀλλ’
1710 482 2114 566 ἐμπεσόντες
2158 477 2386 567 ἀθρόα

226 585 460 651 πάντα
501 588 615 652 καὶ
659 579 975 652 ἀπίθανα
1017 587 1126 651 καὶ
1172 584 1385 670 γυμνὰ
1433 585 1777 664 διεξίασιν.
1872 590 1969 651 12.
2014 577 2179 650 ὥστ’
2233 580 2385 654 οὐδὲ
2405 597 2476 652 12

224 685 665 770 τυγχάνουσιν
721 711 799 752 ου
855 686 1150 770 μάλιστα
1210 684 1542 774 ἐφίενται·
1608 687 1674 753 οἱ
1728 685 1856 771 γὰρ
1914 682 2384 771 ἐπαινούμενοι

225 784 409 871 πρὸς
467 779 687 852 αὐτῶν
740 791 1020 870 μισοῦσι
1074 790 1330 872 μᾶλλον
1373 791 1484 854 καὶ
1543 781 2094 875 ἀποστρέφονται
2138 786 2230 868 ὥς
2273 791 2385 857 κό-

227 890 456 969 λακας,
491 885 561 954 εὖ
592 893 963 971 ποιοῦντες,
1006 893 1118 957 καὶ
1146 880 1515 973 μάλιστα’“
1473 916 1554 979 ην
1585 883 1945 975 ἀνδρώδεις
1974 890 2095 968 τὰς
2120 891 2388 976 γνώμας

225 1007 433 1056 ωσιν·
480 981 713 1075 ώσπερ
737 985 1176 1072 Ἀλέξανδρος
1203 986 1726 1077 Ἀριστοβούλου
1769 999 2182 1074 μονομαχίαν
2223 994 2387 1079 γρά-

144 1106 201 1156 17
230 1104 493 1176 ψαντος
541 1085 982 1180 Ἀλεξάνδρου
1048 1097 1159 1160 καὶ
1218 1092 1498 1178 Πώρου,
1567 1095 1680 1159 καὶ
1749 1085 2145 1178 ἀναγνόντος
2203 1089 2386 1180 αἰτῷ

222 1196 500 1259 τοιοῦτο
554 1193 851 1277 μάλιστά
896 1220 959 1260 τι
999 1200 1247 1281 χωρίον
1292 1198 1409 1279 τῆς
1451 1198 1713 1282 γραφῆς
1757 1233 1842 1243 --
1884 1190 2052 1280 ᾤετο
2097 1196 2222 1281 γὰρ
2262 1222 2385 1279 χα-

226 1300 541 1379 ριεῖσθαι
582 1294 667 1361 τὰ
710 1302 991 1381 μέγιστα
1019 1300 1117 1382 τῷ
1152 1299 1425 1380 βασιλεῖ
1465 1295 1999 1379 ἐπιψευδόμενος
2043 1298 2386 1382 ἀριστείας

223 1395 419 1473 τινὰς
466 1390 647 1483 αὐτῷ
688 1401 801 1464 καὶ
845 1392 1294 1465 ἀναπλάττων
1330 1398 1489 1485 ἔργα
1532 1397 1737 1481 μείζω
1781 1401 1899 1485 τῆς
1944 1392 2272 1485 ἀληθείας
2300 1438 2386 1450 -

226 1496 457 1582 λαβὼν
498 1497 575 1564 τὸ
619 1502 883 1584 βιβλίον
915 1537 991 1548 -
1028 1502 1345 1577 πλέοντες
1389 1500 1462 1566 δὲ
1494 1500 1840 1585 ἐτύγχανον
1873 1498 1940 1565 ἐν
1968 1503 2065 1585 τῷ
2094 1505 2384 1586 ποταμῷ

222 1603 323 1686 τῷ
364 1598 672 1687 ιΥδοέσπῃ
704 1638 787 1649 —·
818 1601 1094 1688 ἔρριψεν
1140 1601 1254 1668 ἐπὶ
1302 1601 1600 1689 κεφαλὴν
1631 1601 1697 1679 ἐς
1725 1600 1802 1668 τὸ
1835 1593 2015 1687 ὕδωρ
2060 1601 2383 1683 ἐπειπών,

223 1705 367 1769 Καὶ
414 1704 491 1769 σὲ
537 1702 609 1770 δὲ
667 1697 878 1780 οῧτως
936 1703 1158 1792 ἐχρῆν,
1216 1691 1273 1768 ὦ
1308 1698 1822 1788 Ἀριστόβουλε,
1877 1708 2159 1772 τοιαῦτα
2215 1701 2384 1790 ὑπὲρ

225 1802 394 1888 ἐμοῦ
451 1809 958 1889 μονομαχοῦντα
1011 1808 1124 1872 καὶ
1183 1804 1552 1891 ἐλέφαντας
1608 1804 1703 1872 ἐνὶ
1763 1808 1851 1887 (ἢ)
1910 1800 2195 1893 ἀκοντίῳ
2254 1833 2383 1896 φο-

225 1906 527 1973 νεύοντα.
598 1911 712 1975 καὶ
743 1908 973 1990 ἔμελλέ
1000 1932 1074 1994 γε
1106 1899 1317 1985 οῧτως
1359 1900 1835 1992 ἀγανακτήσειν
1866 1903 1901 1974 ὅ
1928 1903 2383 1993 Ἀλέξανδρος,

225 2000 304 2086 ὅς
347 2033 424 2093 γε
470 2001 624 2076 οὐδὲ
666 2009 785 2098 τὴν
827 2013 949 2075 τοῦ
994 2004 1451 2094 ἀρχιτέκτονος
1501 2008 1754 2093 τόλμαν
1812 2003 2153 2095 ἠνέσχετο,
2215 2007 2384 2076 ὕπο-

226 2115 555 2193 σχομένου
599 2110 717 2179 τὸν
747 2107 950 2177 ’Ἀθω
996 2111 1221 2178 εἰκόνα
1265 2110 1579 2198 ποιήσειν
1639 2104 1842 2176 αὐτοῦ
1887 2114 1999 2178 καὶ
2055 2135 2383 2195 μετακοσ-

223 2213 469 2303 μήσειν
509 2212 589 2281 τό
621 2209 778 2300 ὅρος
810 2214 906 2291 εἷς
949 2210 1318 2302 ὁμοιότητα
1361 2217 1482 2280 τοῦ
1524 2214 1874 2297 βασιλέως,
1921 2207 2091 2280 ἀλλὰ
2134 2214 2384 2281 κόλακα

224 2310 435 2394 εὐθὺς
493 2316 803 2402 ἐπιγνοὺς
856 2316 975 2384 τὸν
1035 2312 1409 2401 ἄνθρωπον
1455 2310 1671 2382 οὐκέτ’
1737 2309 1881 2382 οὐδ’
1948 2315 2015 2393 ἐς
2068 2316 2153 2382 τὰ
2212 2311 2392 2381 ἄλλα·

225 2412 484 2500 ὁμοίως
542 2417 829 2507 ἐχρῆτο.,
886 2423 982 2484 13.
1042 2423 1177 2485 ποῦ
1236 2424 1459 2485 τοίνυν
1516 2417 1592 2483 τὸ
1652 2415 1940 2501 τερπνὸν
1985 2417 2053 2483 ἐν
2097 2418 2379 2498 τούτοις,
2399 2435 2476 2490 13

224 2519 415 2598 ἐκτὸς
448 2520 509 2587 εἰ
537 2521 625 2608 μή
658 2545 762 2598 τις
798 2519 1040 2606 κομιδῇ
1086 2512 1367 2608 ἀνόητος
1414 2519 1538 2607 εἴη,
1585 2514 1676 2596 ιῖς
1700 2525 1957 2604 χαίρειν
1985 2518 2070 2585 τὰ
2102 2523 2381 2585 τοιαῦτα

143 2629 201 2680 18
223 2621 726 2705 ἐπαινούμενος,
773 2616 867 2687 ὦν
897 2621 1086 2704 παρὰ
1131 2621 1351 2697 πόδας
1381 2622 1448 2687 οἱ
1480 2619 1764 2705 ἕλεγχοω
1811 2613 2041 2705 ὥσπερ
2073 2622 2137 2687 οἱ
2171 2616 2380 2708 ἀμορ-

221 2748 348 2810 φοι
393 2726 530 2790 τῶν
575 2718 982 2809 ἀνθρώπων,
1027 2727 1141 2791 καὶ
1183 2723 1480 2808 μάλιστά
1523 2746 1598 2807 γε
1625 2722 1710 2788 τὰ
1753 2722 1991 2807 γύναια
2036 2736 2178 2800 τοῖς
2220 2748 2383 2808 γρα-

220 2828 429 2912 φεῦσι
472 2825 1061 2911 παρακελευόμενα
1105 2821 1198 2903 ὦς
1240 2828 1600 2902 καλλίστας
1659 2818 1865 2902 αὐτὰς
1906 2823 2218 2912 γράφειν·
2279 2824 2382 2891 οἰ·-

219 2952 415 2992 ονται
444 2925 573 3012 γὰρ
607 2951 878 3011 αμεινον
911 2926 1079 3004 ε’ξειν
1108 2925 1226 3015 τὴν
1255 2921 1443 3011 οψιν,
1475 2916 1554 3015 ἢν
1582 2921 1617 2992 ὅ
1649 2951 1941 3014 γραφευς
1973 2919 2204 3003 αὐταῖς
2236 2925 2382 3009 ἐρύ-

216 3027 417 3114 θημά
448 3052 523 3093 τε
554 3031 762 3095 πλέον
793 3027 1135 3114 ἐπανθίσῃ
1159 3030 1272 3094 καὶ
1293 3026 1368 3093 τὸ
1397 3027 1626 3094 λευκὸν
1658 3026 2051 3114 ἐγκαταμίξῃ
2086 3026 2260 3094 πολυ
2286 3032 2381 3113 τῷ

220 3129 578 3216 φαρμάκῳ.
658 3134 958 3197 τοιοῦτοι
999 3134 1133 3195 τῶν
1178 3129 1694 3216 συγγραφόντων
1740 3131 1804 3195 οἱ
1850 3131 2097 3195 πολλοί
2127 3128 2259 3194 εἰσι
2303 3128 2380 3195 τὸ

215 3229 510 3318 τήμερον
553 3234 664 3298 καὶ
705 3230 781 3297 τὸ
829 3232 1005 3298 ἰ’διον
1050 3234 1162 3297 καὶ
1190 3229 1265 3297 τὸ
1293 3231 1626 3314 χρειῶδες,
1673 3224 1712 3297 ὅ
1739 3256 1808 3297 τι
1840 3221 1919 3296 ἀν
1952 3230 2020 3296 ἐκ
2049 3234 2166 3315 τῆς
2199 3231 2382 3295 ἱστο-

220 3337 377 3416 ρίας
421 3331 776 3414 ἐλπίσωσι,
820 3332 1335 3417 θεραπεύοντες,
1382 3332 1498 3410 οὓς
1527 3338 1886 3415 μισεῖσθαι
1929 3334 2146 3410 καλῶς
2192 3328 2381 3414 εἶχεν,

220 3433 291 3512 ἐς
319 3435 442 3517 μὲν
472 3433 547 3501 τὸ
583 3434 803 3520 παρὸν
831 3434 1116 3512 κόλακας
1160 3434 1541 3522 προδήλους
1569 3436 1677 3501 καὶ
1713 3429 2020 3516 ἀτέχνους
2050 3430 2266 3516 ὄντας,
2315 3434 2383 3513 ἐς

218 3530 509 3604 τούπιὸν
541 3537 614 3603 δὲ
643 3529 952 3603 ῧποπτον
973 3550 1124 3614 ταῖς
1146 3532 1553 3623 ὑπερβολαῖς
1581 3534 1700 3625 τὴν
1726 3528 1885 3624 ὅλην
1916 3543 2380 3622 πραγματείαν

223 3633 759 3726 ἀποφαίνοντας.
836 3638 895 3705 εἰ
927 3639 999 3704 δέ
1028 3663 1133 3716 τις
1164 3638 1436 3716 πάντως
1465 3638 1542 3705 τὸ
1573 3637 1860 3720 τερπνὸν
1890 3634 2148 3724 ἡγεῖται
2178 3664 2382 3705 κατα·-

143 3759 199 3810 19
219 3746 553 3824 μεμῖχθαι
601 3740 740 3807 δεῖν
768 3744 851 3827 τῇ
891 3741 1173 3827 ἱστορίᾳ,
1220 3740 1407 3806 πόσα
1440 3735 1610 3805 ἄλλα
1642 3739 1759 3806 σὺν
1791 3733 2084 3828 ἀληθείᾳ
2127 3739 2383 3823 τερπνά

223 3842 405 3910 ἐστιν
437 3841 506 3909 ἐν
535 3856 681 3920 τοῖς
727 3837 957 3919 ἄλλοις
984 3843 1257 3909 κάλλεσι
1301 3844 1419 3908 τοῦ
1452 3842 1666 3926 λόγου,
1714 3835 1806 3906 ὧν
1840 3836 2286 3929 ἀμελήσαντες
2317 3841 2383 3907 οἱ

223 3946 467 4011 πολλοὶ
511 3943 596 4009 τὰ
641 3944 847 4030 μηδὲν
894 3944 1315 4030 προσήκοντα
1361 3942 1892 4009 ἐπεσκυκλοῦσιν.
