2800 4500
479 245 606 304 234

499 960 507 970 ι.
607 944 627 968 Γ

479 964 527 992 z„
571 948 655 996 ld.

479 1488 527 1520 ι’.
571 1473 659 1524 ΗΞ,

1425 251 1676 303 LUCIANl

689 421 847 504 ὁρᾶς
890 419 942 483 Γ
987 461 1071 471 -
1129 429 1233 489 οἵα
1276 423 1297 508 Ι
1340 426 1451 490 οἷα
1494 422 1546 486 Α
1590 431 1720 491 οῖἀι
1763 423 1813 486 Γ
1870 461 1953 471 --
2009 429 2136 492 ε’στι
2180 425 2201 510 ΙΙ
2242 429 2410 492 ἐστιν
2452 425 2495 487 Γ
2532 463 2601 471 -

687 523 806 607 τὴν
862 525 1138 610 ἀμοιβὴν
1197 527 1350 594 ἄντ’
1396 531 1663 594 ἐκείνων
1706 527 1725 611 ΙΙ
1768 526 1922 594 ἄντ’
1972 532 2239 595 ἐκείνων
2295 527 2410 612 τὴν
2451 530 2601 607 α’μοι-

687 626 809 710 βὴν
855 622 978 690 ΩΓ
1036 665 1117 676 -
1177 628 1256 695 ὃν
1300 628 1422 712 γὰρ
1465 626 1485 713 ΙΙ
1528 628 1602 709 ὃς
1645 630 1766 713 γὰρ
1811 627 1917 692 ΑΓ
1975 667 2050 677 -
2103 630 2192 710 ὡς
2239 634 2309 696 ἐν
2411 631 2510 696 ἐπ’
2545 630 2599 693 Ω

689 766 770 775 -
817 740 955 809 πῶς
1003 732 1085 798 οὐ
1130 758 1192 800 π.
1227 732 1246 816 ΙΙ
1276 741 1410 798 τῶν
1456 733 1538 799 οὐ
1582 759 1644 800 π.
1694 738 1755 795 in
1785 754 1905 796 ras·
1935 731 2005 796 Ω
2048 771 2134 781 -
2175 733 2602 818 ὑπεραγαπᾷςΙ

691 830 1107 916 ὑπεραγαπᾷς
1149 832 1201 894 Γ
1250 869 1324 880 -
1374 839 1582 903 ἐκεῖνο
1626 851 1815 915 μῖσος
1856 834 1875 919 ΙΙ
1914 851 2100 915 μῖσος
2146 839 2230 903 ἐκ.
2283 835 2352 898 Ω

691 932 864 1013 ὑμεῖς
910 941 974 1002 δὲ
1002 934 1022 1020 ΙΙ
1050 932 1229 1016 ὑμεῖς
1271 943 1389 1016 μὲν
1420 935 1474 998 Α
1519 973 1602 983 —-·
1644 937 1761 1004 τὸν
1807 938 2139 1021 εὐεργέτην
2169 935 2188 1022 ΙΙ
2217 945 2274 1003 εἰ
2311 938 2425 1004 τὸν
2467 938 2599 1020 εὐερ.

695 1034 740 1098 Α
799 1075 881 1084 -
929 1048 1429 1122 σωφρονίσαντα
1471 1038 1491 1123 ΙΙ
1534 1067 1597 1106 νι
1640 1044 1704 1103 in
1746 1061 1863 1103 ras·
1909 1040 1962 1102 A
2005 1077 2088 1087 —
2135 1046 2221 1119 εἰς
2266 1038 2346 1124 ἣν
2388 1038 2408 1124 fl
2447 1044 2503 1118 ἐς
2540 1039 2603 1123 ἦν

691 1135 807 1200 ΩΓ
851 1177 934 1187 —-
980 1139 1018 1224 ἣ
1065 1142 1263 1225 εὐεργ.
1310 1140 1330 1226 ΙΙ
1374 1163 1489 1205 om.
1536 1141 1575 1223 ἦ
1619 1140 1688 1204 Ω
1734 1178 1816 1189 -
1861 1142 2169 1224 τυγχάνοι
2212 1142 2232 1227 ΙΙ
2258 1141 2540 1224 τυγχάνει
2565 1141 2605 1204 Α

691 1276 770 1287 -
816 1241 1193 1326 ὑπερπαίειν
1235 1242 1254 1328 ss
1297 1243 1713 1328 ὑπερβαίνειν
1742 1243 1795 1307 Α
1841 1281 1924 1292 -
1968 1243 2049 1311 ὃν
2095 1247 2305 1311 ἔσωσα
2334 1245 2353 1330 ΙΙ
2396 1266 2502 1308 om.
2542 1243 2604 1310 ὃν

691 1341 757 1405 Ω
795 1380 877 1391 -—
905 1353 1011 1411 καὶ
1054 1345 1132 1412 τὸ
1163 1351 1449 1412 συνιέναι
1472 1401 1485 1415 .
1514 1399 1529 1416 .
1558 1399 1572 1416 .
1600 1398 1614 1415 .
1644 1347 1863 1429 α’πεγν.
1900 1355 2007 1413 καὶ
2047 1345 2066 1430 n
2112 1369 2226 1411 om.
2258 1347 2330 1429 A,
2376 1350 2543 1410 habet
2564 1345 2604 1407 Γ

691 1466 947 1551 ἐμαυτῷ
1000 1465 1018 1549 ΙΙ
1076 1470 1359 1544 ἐμαυτοῦ
1416 1463 1484 1528 Ω
1553 1503 1635 1514 -
1703 1465 2197 1550 ἀπελογησάμην
2252 1464 2274 1552 ss
2328 1467 2606 1548 ἀπελογη-

691 1569 1003 1652 σαι(ἷ>)μην
1049 1566 1117 1631 Ω
1178 1605 1253 1615 -
1320 1576 1407 1648 εἰς
1449 1569 1514 1636 τὶ
1571 1597 1623 1652 γ.
1674 1567 1694 1655 ΙΙ
1737 1573 1799 1649 ἐς
1854 1568 1932 1636 τὸ
1976 1596 2029 1651 γ.
2077 1567 2129 1630 Γ
2188 1604 2268 1617 —-
2325 1567 2475 1648 μετὰ
2514 1577 2606 1646 τῗς

691 1697 737 1736 τ.
771 1667 792 1752 ΙΙ
821 1669 923 1735 διὰ
953 1698 1004 1737 τ.
1040 1697 1091 1738 τ.
1128 1668 1196 1733 Ω
1246 1708 1318 1718 —-
1369 1675 1499 1739 ἔστι
1544 1678 1609 1738 δὲ
1636 1671 1656 1757 ΙΙ
1687 1675 1858 1739 ἔστιν
1901 1679 1966 1738 δὲ
2010 1669 2063 1733 Γ
2106 1709 2191 1720 —
2236 1670 2605 1755 ἀπώκνησαΙ

691 1770 1024 1856 άπόκνησα
1069 1771 1138 1835 Ω

479 1900 527 1928 v.
607 1884 659 1932 Τ.
695 1871 1016 1952 ὑπολάβοι
1059 1872 1078 1957 ΙΙ
1121 1875 1446 1959 ὑπολάβηι
1490 1874 1541 1936 Γ
1600 1912 1673 1922 -
1742 1883 1828 1954 εἰς
1873 1879 2044 1942 ἴασιν
2083 1874 2103 1960 ΙΙ
2148 1879 2212 1955 ἐς
2270 1879 2387 1943 ἴασ.
2436 1872 2497 1937 Ω
2536 1910 2602 1920 -

691 1984 1004 2041 κενοῦντα
1047 1974 1067 2061 ΙΙ
1109 1987 1421 2044 κινοῦντα
1465 1975 1533 2039 Ω
1589 2014 1670 2023 -
1732 1985 1818 2056 εἰς
1863 1976 2023 2044 ὅσον
2066 1975 2085 2063 ΙΙ
2128 1981 2191 2056 ἐς
2236 1976 2396 2045 ὅσον
2436 1974 2497 2039 Ω
2539 2012 2597 2022 -

691 2074 862 2164 ᾧπερ
905 2076 924 2163 ss
969 2079 1129 2163 ἅπερ
1175 2078 1296 2142 ΩΓ
1354 2119 1428 2127 -
1483 2079 1644 2148 ἄλλο
1688 2079 1707 2165 ss
1752 2081 1940 2147 ἄλλοι
1984 2079 2036 2143 Α
2092 2117 2175 2127 -
2234 2080 2603 2159 ἐπακμάσαν-

691 2224 799 2277 τος
842 2200 861 2284 ΙΙ
906 2184 1138 2277 ἃπακμ.
1190 2198 1243 2263 Α
1289 2237 1371 2245 --
1417 2200 1756 2268 ἀνεπόδισε
1798 2201 1817 2287 ΙΙ
1861 2184 2036 2269 ἆνεπ.
2086 2198 2140 2262 Α

651 2317 1060 2403 ,ἑρμηνεύειν
1089 2319 1107 2405 ΙΙ
1138 2337 1342 2387 κινεῖν
1388 2318 1457 2383 Ω
1503 2358 1585 2367 -
1632 2321 1857 2389 οὑτοσὶ
1886 2319 1905 2404 ΙΙ
1950 2317 2161 2400 οὗτος.
2214 2328 2271 2387 εἰ
2310 2318 2397 2402 Ω,
2441 2315 2605 2394 οὗτος

695 2428 748 2485 εἰ
803 2443 917 2484 om.
974 2431 1196 2502 puncto
1253 2420 1360 2484 ΑΓ
1417 2461 1501 2469 -
1556 2443 1750 2507 φησιν
1804 2421 1825 2509 ΙΙ
1880 2443 2076 2503 φασιν
2134 2423 2186 2485 Α
2244 2459 2327 2469 —-—
2385 2417 2558 2498 οὗτος
2592 2416 2607 2501 ΙΙ

691 2526 868 2607 οὗτος
913 2545 1042 2620 (sic)
1087 2540 1141 2603 A
1186 2581 1269 2589 —-
1313 2553 1574 2626 παρορᾷ
1617 2542 1636 2626 ΙΙ
1679 2553 1939 2626 παρορᾷ
1981 2540 2033 2604 Γ
2078 2579 2161 2588 -
2206 2536 2608 2624 καθυβρίζειίΙ

695 2652 834 2709 καθ.
878 2649 1089 2709 δίκαια
1135 2641 1202 2706 Ω
1248 2681 1331 2689 ——
1375 2655 1660 2727 προσῆκε
1688 2642 1709 2728 ss
1741 2655 2065 2728 προσῆκεν
2112 2642 2161 2705 Γ
2209 2653 2529 2728 προσῆκον
2567 2637 2604 2700 Α

699 2781 771 2791 -
815 2772 866 2811 τ.
917 2745 1163 2825 νόμους
1194 2757 1453 2832 παρορᾷ
1481 2744 1501 2831 ΙΙ
1528 2769 1642 2810 om.
1690 2757 1949 2832 παρορᾷ
1977 2744 2120 2829 ΑΩ,
2168 2768 2284 2810 om.
2315 2750 2422 2811 sed
2448 2765 2607 2823 marg.

695 2850 884 2909 adscr.
931 2844 982 2906 Γ
1032 2883 1105 2893 --
1155 2856 1263 2914 καὶ
1306 2850 1424 2932 τὴν
1470 2875 1533 2929 φ.
1582 2846 1603 2931 ΙΙ
1646 2871 1760 2912 om.
1806 2858 1912 2915 καὶ
1958 2849 2027 2911 Ω
2082 2885 2165 2895 -
2210 2859 2348 2916 τῶν
2392 2873 2608 2930 γεγενη·

691 2953 904 3025 μένων
960 2948 980 3034 ΙΙ
1032 2949 1150 3016 τὸν
1205 2956 1626 3035 γεγενημένον
1671 2950 1740 3014 Ω
1795 2988 1880 2998 —-—
1934 2959 2199 3033 μείζονα
2243 2952 2262 3036 ss
2305 2977 2366 3029 μ.
2412 2977 2515 3028 μοι
2552 2944 2608 3010 Ω

695 3087 763 3097 --
817 3051 1080 3134 εἰσάγεις
1122 3053 1141 3137 ss
1185 3053 1426 3135 ἐσάγεις
1470 3052 1539 3115 Ω

499 3197 503 3209 ·
603 3189 659 3233 t*
691 3174 973 3239 ἐνταῦθα
1005 3172 1312 3257 α’λλήλοις
1342 3174 1360 3258 ΙΙ
1390 3174 1529 3241 α’λλ.
1568 3178 1689 3241 ἐντ.
1729 3171 1850 3236 ΩΓ
1881 3210 1962 3220 --
2005 3173 2250 3253 καλοὺς
2295 3174 2314 3258 ΙΙ
2357 3183 2609 3246 καλλθυς

479 3833 523 3861 ιε,
563 3821 631 3865 21]

691 3272 759 3336 Ω
811 3313 886 3323 —-
932 3286 1136 3343 κινῶν
1179 3275 1197 3359 ΙΙ
1241 3286 1487 3342 κοινῶν
1531 3274 1599 3339 Ω
1644 3312 1727 3323 —-
1774 3277 2055 3354 εὐνοίαις
2095 3275 2115 3360 ΙΙ
2159 3277 2416 3355 εὐνοίας
2457 3272 2502 3335 Γ
2543 3307 2610 3318 -

691 3377 1080 3463 ἡμαρτηκόσι
1124 3378 1142 3463 ΙΙ
1186 3378 1624 3463 ἡμαρτηκόσιν
1668 3377 1719 3439 Γ
1765 3416 1845 3425 -·
1906 3378 2150 3445 διδόασι
2194 3377 2213 3464 ΙΙ
2258 3377 2533 3445 διδόασιν
2570 3369 2611 3433 Γ

699 3518 768 3526 -
820 3484 920 3560 οἷς
965 3479 1036 3548 εὖ
1068 3509 1128 3549 π.
1163 3480 1183 3566 ΙΙ
1214 3504 1327 3545 om.
1375 3479 1447 3548 εὖ
1477 3480 1581 3544 ΑΓ
1628 3518 1711 3528 -
1758 3486 2079 3565 σκέψασθε
2123 3479 2142 3566 ΙΙ
2185 3486 2534 3563 σκέψασθαι
2571 3472 2611 3536 Γ

699 3619 771 3627 -
806 3582 893 3661 ὡς
934 3589 1050 3661 μὲν
1079 3582 1098 3666 ΙΙ
1127 3582 1216 3662 ὡς
1261 3588 1321 3645 in
1366 3605 1518 3647 corr.
1565 3581 1633 3646 Ω
1665 3620 1748 3631 -
1780 3581 1902 3651 οὖν
1932 3583 1951 3667 ΙΙ
1993 3605 2106 3646 om.
2152 3582 2205 3646 A
2252 3620 2335 3630 —
2381 3577 2613 3661 ἄλλωςΙΙ

691 3683 869 3749 ἄλλω
916 3682 984 3747 Ω
1030 3722 1104 3732 —-
1159 3691 1245 3763 εἰς
1289 3684 1368 3752 τὰ
1413 3698 1612 3770 τηλικ.
1659 3685 1679 3772 ΙΙ
1724 3690 1785 3765 ἐς
1829 3685 1908 3753 τὰ
1952 3696 2087 3769 τηλ.
2138 3683 2206 3748 Ω

647 3808 911 3886 ,ἐθέλῃς
954 3804 974 3889 ΙΙ
1014 3810 1209 3888 θέλης
1263 3804 1332 3866 Ω
1388 3842 1471 3851 -
1532 3806 1960 3890 ἀποκηρύξεις
2015 3804 2035 3891 ΙΙ
2092 3804 2517 3890 ἀποκηρύξειν
2555 3796 2611 3862 Ω

691 3941 769 3951 -
815 3923 989 3972 ποιεῖ
1027 3906 1045 3989 Ι]
1091 3923 1302 3973 ποιεῖν
1346 3906 1399 3968 Α
1449 3944 1523 3953 -
1575 3912 1695 3974 εἴτε
1736 3906 1756 3992 ΙΙ
1802 3912 1974 3992 εἴπερ
2022 3904 2090 3969 Ω
2142 3945 2214 3955 —-
2266 3908 2563 3992 ι’ργίζεται
2602 3899 2617 3983 ΙΙ

691 4007 1013 4091 ἐργάζεται
1058 4006 1129 4070 Ω
1179 4044 1252 4055 -·
1304 4008 1579 4092 ἄρξομαι
1626 4017 1691 4076 δὲ
1734 4010 1753 4094 ΙΙ
1798 4010 2075 4093 ἄρξομαι
2122 4016 2188 4077 δὲ
2233 4010 2350 4093 ν”ὁη
2393 4009 2447 4072 Α
