2800 4500
203 1035 248 1079 c.
280 1024 336 1078 1.

999 227 1457 282 TYRANNJGmA.
2188 225 2311 284 321

927 603 1551 669 TYRANNICIDA.

541 811 731 870 Multa
772 812 834 869 in
876 811 1115 885 optimis
1159 809 1463 869 codicibus
1508 804 1665 870 211*ss
1716 813 1874 869 1324
1932 813 2213 886 corrupta
2255 814 2317 869 et

367 930 662 991 perversa
701 916 858 972 sunt.

379 1015 417 1081 ὃ
461 1020 584 1092 μὲν
627 1009 752 1078 οὖν
797 1011 1122 1093 τύραννος
1173 1012 1336 1077 ἐνθ’
1392 1009 1491 1076 ὧν
1536 1016 1831 1095 ἐποίησεν
1889 1010 2118 1095 ἱκανὴν
2162 1010 2315 1094 ἡμῖν

370 1123 608 1183 δέδωκε
649 1123 986 1197 τιμωρίαν,
1033 1122 1188 1195 ζῶν
1230 1120 1348 1192 μὲν
1391 1112 1513 1179 τὸν
1556 1113 1706 1180 υἱὸν
1750 1113 1989 1180 ἐπιδὼν
2032 1140 2317 1197 προανη·

370 1224 652 1303 ρημένον
684 1216 895 1299 παρὰ
924 1215 1068 1299 τὴν
1096 1215 1487 1299 τελευτὴν
1524 1227 2002 1282 τελευταῖον
2031 1222 2097 1281 δὲ
2124 1217 2318 1299 ἠναγ-

376 1324 733 1399 κασμένον,
790 1317 869 1384 τὸ
912 1316 1482 1400 παραδοξότατον,
1528 1317 1728 1396 αὐτὸς
1772 1318 1977 1385 αὑτοῦ
2020 1324 2314 1400 γενέσθαι

373 1421 904 1506 τυραννοκτόνος
925 1420 945 1505 Ε
967 1430 1114 1503 ζῶν
1145 1424 1249 1486 ἔτι
1279 1457 1364 1468 -
1394 1420 1593 1502 παρὰ
1622 1419 1756 1504 τὴν
1787 1420 2144 1505 τελευτὴν
2175 1428 2309 1489 δὲ..

368 1531 582 1589 Mirum
625 1529 728 1587 vel
758 1529 1008 1603 optimos
1052 1525 1290 1586 codices
1333 1524 1393 1587 A
1436 1520 1702 1586 0211*ss
1732 1527 1931 1602 (etiam
1959 1528 2093 1586 Vnt.
2133 1532 2316 1606 1324,

371 1649 548 1707 quem
578 1632 673 1689 vir
699 1629 1153 1688 humanissimus
1181 1629 1240 1687 N
1241 1629 1383 1705 ileu,
1416 1646 1535 1703 qua
1564 1636 1658 1688 est
1679 1633 1852 1705 grata
1878 1630 2316 1709 benevolentia,

367 1751 600 1794 meeum
634 1733 1111 1806 communicavit)
1156 1730 1379 1790 habere
1424 1736 1460 1809 ζ
1474 1737 1528 1792 (ὅ
1542 1754 1634 1792 ντ
1647 1755 1669 1792 ι
1682 1782 1701 1808 ,
1748 1731 1908 1805 quod
1948 1733 2113 1792 nullo
2143 1734 2317 1793 modo

370 1835 514 1897 ferri
542 1839 763 1911 potest.
807 1836 1086 1894 Proxime
1117 1851 1156 1891 a
1183 1833 1451 1893 codicum
1479 1834 1739 1894 lectione
1768 1833 1939 1894 abest
1967 1834 2153 1895 Solini
2176 1855 2317 1896 eou-

370 1941 600 1999 ieetusa
641 1943 800 2016 ζῶν
847 1937 992 2013 ἔτι,
1052 1936 1213 2010 quod
1253 1935 1661 2011 recipiendum
1706 1940 1829 2014 est3
1882 1942 2176 2012 expuncto
2220 1961 2316 2001 τε·

368 2048 676 2103 λευταῖον
704 2042 932 2100 retineo
964 2035 1178 2118 παρὰ
1207 2034 1350 2118 τὴν
1379 2034 1768 2119 τελευτὴν
1796 2040 1835 2098 i.
1868 2056 1921 2098 e.
1952 2041 2317 2116 „appropin-

372 2147 592 2219 quante
621 2143 783 2202 vitae
815 2138 1039 2218 exitu,“
1076 2140 1238 2215 quod
1266 2144 1468 2215 aptum
1496 2140 1733 2201 videtur
1759 2140 1836 2199 ad
1865 2139 2317 2216 significandum

370 2265 490 2306 non
535 2244 728 2306 solum
773 2242 1062 2304 moriendi
1111 2246 1465 2303 momentum
1508 2242 1619 2303 sed
1660 2261 1833 2303 omne
1874 2242 2025 2303 illud
2064 2247 2317 2323 tempus,

374 2347 532 2423 quod
574 2346 884 2424 praeeedit
924 2349 1171 2406 mortem
1204 2347 1360 2405 iuter
1388 2345 1852 2406 deliberandum.
1930 2346 2119 2407 Cobet
2160 2348 2322 2409 delet

375 2445 548 2529 παρὰ
592 2445 711 2528 τὴν
754 2455 878 2511 τελ.
972 2447 1092 2508 Sed
1135 2465 1268 2506 eum
1310 2447 1427 2507 hoe
1470 2450 1660 2507 minus
1704 2450 1981 2508 usitatum
2023 2452 2101 2510 sit
2144 2468 2321 2525 quam

373 2559 766 2628 τελευταῖον,
811 2552 895 2609 ita
921 2554 987 2610 nt
1028 2558 1400 2613 τελευταῖον
1445 2552 1946 2627 interpretationis
1990 2570 2173 2612 eausa
2216 2554 2319 2613 ad·

374 2654 558 2713 ditum
601 2653 876 2713 videatur
889 2697 907 2731 ‚
964 2656 1230 2728 praestat
1284 2670 1531 2713 servare
1585 2654 1752 2728 prius
1795 2653 1959 2714 illud.
2048 2653 2139 2715 Of.
2184 2655 2323 2715 Vita

374 2758 627 2817 Demon.
672 2774 727 2815 e.
767 2760 845 2816 66
892 2751 1022 2835 πρὸ
1065 2761 1177 2835 τῆς
1220 2760 1543 2834 τελευτῆς.

325 2901 340 2915 .
386 2854 474 2933 ὡς
537 2854 631 2919 ἂν
690 2854 774 2921 οὐ
831 2864 968 2920 τῶν
1025 2852 1378 2937 παρόντων
1438 2853 1816 2934 ἀπαλλάξας
1871 2854 2037 2935 ὑμᾶς
2090 2856 2315 2934 μόνον.

375 2951 700 3019 Abundat-e
736 2960 972 3020 videtur
1015 2960 1164 3019 illud
1207 2956 1308 3022 ἂν.
1397 2959 1520 3021 Sed
1563 2961 2052 3035 quemadmodum
2095 2968 2325 3023 constat

374 3063 680 3139 proprium
725 3080 859 3123 casse
903 3062 1155 3121 Luciani
1199 3079 1423 3138 augere
1466 3064 1586 3122 vim
1629 3064 2105 3124 coniunctionum
2149 3070 2321 3126 aneto

379 3180 581 3224 earum
610 3183 878 3244 numero,
921 3165 1089 3225 velut
1128 3170 1238 3227 καὶ
1279 3160 1409 3245 μὴν
1438 3170 1564 3243 καὶ,
1610 3170 1718 3227 καὶ
1751 3162 1871 3245 γὰρ
1903 3161 2005 3244 αὖ,
2050 3172 2158 3229 καὶ
2201 3164 2323 3248 γὰρ

377 3270 503 3343 καὶ,
536 3271 643 3329 καὶ
666 3263 788 3346 γὰρ
820 3260 904 3329 αὖ
926 3271 1054 3344 καὶ,
1084 3264 1436 3347 τοιγάρτοι,
1463 3274 1833 3347 τοιγαροῦν,
1864 3264 2042 3348 ἢπερ,
2075 3272 2323 3350 ἵναπερ,

380 3364 601 3448 ὅτιπερ
646 3365 874 3448 ὅτεπερ
916 3371 1249 3449 μέχριπερ,
1309 3371 1398 3429 sie
1456 3369 1571 3430 hoe
1630 3387 1867 3445 quoque
1911 3373 2043 3432 loeo
2085 3378 2150 3433 ut
2193 3374 2325 3433 aliis

378 3470 541 3530 haud
582 3473 824 3549 paucis,
882 3490 1013 3531 eum
1056 3472 1200 3531 satis
1245 3474 1322 3531 sit
1364 3473 1655 3547 particula
1699 3468 1787 3548 ὡς
1832 3473 1911 3533 ad
1951 3474 2327 3536 indicandam

381 3591 618 3633 eausam
650 3592 826 3649 quam
867 3573 1068 3634 dieunt
1109 3573 1518 3652 subiectivam,
1564 3579 1744 3652 auget
1769 3577 1933 3635 illam
1961 3577 2162 3637 addita
2188 3596 2325 3655 par-

379 3677 561 3736 ticula
604 3673 686 3739 ἂν
734 3676 945 3737 eodem
989 3693 1168 3736 sensu
1211 3676 1506 3752 praedita.

207 3796 261 3837 e.
295 3780 350 3837 4.
380 3775 544 3858 πρὸς
588 3774 730 3853 τὰς
775 3774 1018 3857 ὀργὰς
1062 3774 1496 3859 ἠπιώτερος
1538 3784 1645 3842 καὶ
1690 3776 1855 3859 πρὸς
1898 3775 2042 3856 τὰς
2084 3777 2326 3846 κολά-

383 3897 546 3955 σεις
576 3876 1468 3961 βραδύτεροςΙΙΤταιιεροειιί
1514 3882 1734 3942 verba:
1779 3906 1883 3962 πρ.
1933 3879 2063 3959 τὰς
2094 3882 2328 3965 ε’ργὰς

382 3977 893 4063 βραδύτερος
953 3984 1088 4060 (Ep.
1134 3983 1349 4044 Jacobi
1405 3990 1430 4044 l
1484 4003 1534 4044 e.
1571 3988 1649 4046 29
1709 3983 1951 4066 βραδὺς
1996 3990 2083 4062 εἰς
2128 3985 2328 4069 ὀργὴν

285 4083 450 4129 Lucium
477 4088 534 4130 11.
562 4091 600 4132 1.
1955 4086 2013 4136 21
