2800 4500
733 237 1166 290 ΑΛΕΞΑΝΔΡΟΣ
1202 238 1244 289 Η
1283 237 1772 291 ΨΕΥΔΟΜΑΝΙἸΣ.
2211 239 2332 298 119

210 405 375 482 τινὸς
415 406 594 494 γυνή,
642 400 860 491 ἐρῶσα
905 403 997 485 ῶς
1043 401 1321 496 άληθῶς
1361 411 1483 474 τοῦ
1510 400 1946 492 Ἀλεξάνδρου
1989 410 2100 475 καὶ
2147 402 2335 476 ἅντε-

211 512 449 595 ρωμένη
494 501 620 574 ὕπ’
673 502 875 575 αὐτοῦ
887 560 906 590 ,
963 511 1077 575 καὶ
1123 502 1190 575 ἐν
1234 502 1628 598 ὀφθαλμοῖς
1670 513 1787 576 τοῦ
1832 503 2123 597 ὀλέθρου
2169 508 2335 577 ἐκεί-

122 622 194 671 246
210 633 311 675 νου
353 602 595 697 ἀνδρὸς
640 610 986 697 φιλήματά
1030 635 1104 678 τε
1147 605 1443 697 ἐγίγνετο
1488 611 1555 677 ἐν
1612 615 1709 697 τῷ
1763 616 1947 697 μέσῳ
1990 615 2100 678 καὶ
2146 636 2336 698 περι-

207 713 470 777 πλοκαί·
520 711 581 778 εἰ
625 712 697 779 δὲ
740 710 829 798 μὴ
877 713 1127 780 πολλαὶ
1171 736 1340 801 ησαν
1389 739 1459 780 αι
1507 713 1735 801 δᾷδες,
1781 706 1929 796 τάχ’
1989 739 2072 779 αν
2114 740 2181 781 τι
2223 716 2336 780 καὶ

204 816 321 879 τῶν
363 810 496 880 ὑπὸ
545 808 861 881 κόλπου’
838 814 1226 900 επράττετο.
1314 840 1482 899 μετα
1514 814 1751 901 μικρὸν
1784 815 1856 881 δὲ
1886 815 2094 882 πάλιν
2126 815 2338 903 εἰσῄει

208 916 671 1003 ἱεροφαντικῶς
716 915 1189 1001 ἐσκευασμένος
1234 910 1302 984 ἐν
1347 919 1567 1004 πολλῇ
1611 920 1691 1005 τῇ
1745 921 2002 1005 σιωπῖ,
2058 920 2167 984 καὶ
2218 911 2335 983 αύ-

205 1015 307 1094 τὸς
327 1018 444 1100 μὲν
467 1018 650 1102 ἔλεγε
679 1019 929 1105 μεγάλῃ
960 1021 1045 1106 τῇ
1076 1021 1335 1107 φωνῇ,,
1340 1018 1429 1104 ,ἰὴ
1458 1017 1798 1085 Γλύκων“
1829 1012 2331 1107 ἐπεφθέγγοντο

206 1120 268 1184 δὲ
298 1120 476 1206 αὐτῷ
521 1114 1141 1198 ἐπακολουθοῦντες
1172 1116 1603 1205 Εὐμολπίδαι
1648 1121 1857 1210 δῆθεν
1900 1124 2013 1189 καὶ
2043 1120 2336 1207 Κήρυκές

204 1246 363 1299 τινες
447 1222 900 1311 Παφλαγόνες
983 1229 1388 1311 καρβατίνας
1469 1219 1951 1307 ὑποδεδεμένοι
1963 1275 1981 1305 ,
2071 1223 2328 1312 πολλὴν

140 1412 148 1420 .
203 1322 308 1410 τὴν
350 1325 810 1414 σκοροδάλμην
850 1324 1331 1412 ἐρυγγάνοντες,
1375 1325 1488 1414 ,,ἰὴ
1520 1319 1980 1411 Ἀλέξανδρε.“
2025 1331 2128 1393 40.
2160 1327 2330 1392 πολ·
2362 1336 2440 1393 40

206 1425 373 1505 λάκις
417 1421 482 1492 δ’
539 1426 659 1495 ἐπὶ
704 1441 853 1506 ταῖς
896 1428 1280 1516 δᾳδουχίαις
1323 1431 1434 1494 καὶ
1481 1441 1623 1506 τοῖς
1671 1441 2015 1510 μυστικοῖς
2070 1427 2336 1516 σκιρτή-

201 1553 353 1611 μασι
378 1533 765 1616 γυμνωθεὶς
794 1527 829 1597 6
862 1532 1073 1619 μηρὸς
1099 1529 1300 1598 αὐτοῦ
1325 1529 1709 1618 ἐξεπίτηδες
1725 1534 2008 1617 χρυσοῦς
2030 1529 2334 1619 ἐξεφάνη,

205 1631 511 1718 δέρματος
560 1627 653 1711 ὥς
695 1631 772 1700 τὸ
823 1631 1000 1711 εἰκὸς
1044 1631 1404 1719 ἐπιχρύσου
1462 1637 1939 1720 περιτεθέντος
1993 1635 2106 1699 καὶ
2161 1631 2336 1718 πρὸς

202 1732 306 1822 τὴν
351 1728 552 1821 αὐγὴν
598 1738 729 1801 τῶν
761 1734 1134 1819 λαμπάδων
1166 1728 1716 1818 ἀποστίλβοντος.
1805 1726 1980 1801 ὥστε
2006 1737 2119 1801 καὶ
2147 1759 2334 1820 γενο-

204 1840 384 1924 μένης
413 1838 589 1904 ποτὲ
622 1836 952 1926 ζητήσεως
982 1836 1098 1904 δύο
1129 1839 1270 1904 τισὶ
1298 1839 1434 1902 τῶν
1463 1835 1890 1925 μωροσόφων
1918 1832 2089 1923 ὑπὲρ
2116 1834 2334 1918 αὐτοῦ,

124 1960 189 2012 247
207 1938 324 2005 εἴτε
365 1938 784 2025 Πυθαγόρου
828 1938 947 2029 τὴν
990 1937 1208 2029 ψυχὴν
1253 1940 1392 2023 ἔχοι
1446 1938 1559 2006 διὰ
1619 1938 1736 2006 τὸν
1789 1942 2070 2026 χρυσοῦν
2127 1939 2338 2026 μηρὸν

204 2041 323 2107 εἴτε
366 2038 575 2130 ἄλλην
622 2038 865 2124 ὁμοίαν
912 2036 1123 2128 αύτῷ,
1180 2044 1292 2108 καὶ
1349 2040 1469 2128 τὴν
1530 2041 1795 2130 ζήτησιν
1851 2040 2097 2129 ταύτην
2156 2035 2336 2128 αύτῷ

196 2135 599 2232 Ἀλεξάνδρῳ
644 2143 1245 2231 ἐπανενεγκόντων,
1306 2140 1341 2212 o‘
1388 2143 1705 2230 βασιλεῦς
1751 2143 2014 2211 Γλύκων
2059 2149 2335 2232 χρησμῷ

203 2249 371 2316 ἔλυσε
412 2249 535 2338 τὴν
594 2242 919 2335 ἀπορίαν

272 2351 683 2438 Πυθαγόρου
729 2348 907 2437 ψυχὴ
954 2350 1122 2416 ποτὲ
1165 2350 1285 2434 μὲν
1332 2355 1592 2438 φθίνει,
1640 2345 1879 2416 ἄλλοτε
1925 2343 1980 2416 δ’
2032 2344 2246 2428 αὔξει·

271 2450 308 2543 ἡ
354 2455 425 2521 δὲ
470 2459 854 2543 προφητείη
903 2453 1051 2541 δίης
1094 2452 1338 2539 φρενός
1383 2450 1563 2518 ἐστιν
1610 2446 1945 2536 ἀπορρώξ.

271 2564 378 2625 καί
419 2581 537 2642 μιν
587 2557 856 2642 ἔπεμψε
901 2554 1128 2639 πατὴρ
1175 2547 1458 2641 ἀγαθῶν
1506 2549 1762 2639 ἀνδρῶν
1809 2552 2190 2640 ἐπαρωγόν·

272 2662 374 2726 καὶ
420 2659 634 2727 πάλιν
681 2658 747 2736 ἐς
790 2656 963 2735 Διὸς
1008 2653 1140 2724 εἶσι
1183 2655 1355 2735 Διὸς
1395 2658 1734 2744 βληθεῖσα
1790 2659 2104 2742 κεραυνῷ.

200 2769 288 2828 41.
329 2764 679 2848 προλέγων
726 2761 796 2827 δὲ
842 2763 1054 2826 πᾶσιν
1100 2752 1483 2841 ἀπέχεσθαι
1512 2758 1793 2826 παιδίου
1826 2765 2197 2839 συνουσίας,
2244 2755 2336 2836 ῶς
2362 2780 2437 2838 41

200 2857 415 2948 ἀσεβὲς
458 2861 560 2945 ὄν,
608 2857 807 2940 αύτὸς
850 2861 1113 2930 τοιόνδε
1156 2887 1223 2929 τι
1268 2857 1303 2929 6
1350 2861 1669 2947 γεννάδας
1715 2861 2140 2944 ἐτεχνάσατο·
2186 2876 2335 2940 ταῖς

198 2964 307 3052 γὰρ
351 2966 599 3033 πόλεσι
642 2978 792 3043 ταῖς
821 2965 1375 3053 Παφλαγονικαῖς
1417 2965 1527 3030 καὶ
1557 2976 1707 3041 ταῖς
1736 2969 2100 3041 Ποντικαῖς
2131 2963 2333 3050 ἐπήγ-

198 3069 368 3151 γελλε
422 3061 801 3157 θεηκόλους
857 3071 1155 3151 πέμπειν
1213 3065 1280 3143 ἐς
1335 3071 1632 3152 τριετίαν
1688 3061 2098 3152 ὑμνήσοντας
2157 3059 2325 3149 παρ’

202 3164 365 3258 αύτῷ
408 3171 528 3239 τὸν
573 3171 771 3239 θεόν·
833 3173 944 3237 καὶ
991 3168 1125 3236 ε’δει
1174 3169 1708 3251 δοκιμασθέντας
1760 3170 1874 3235 καὶ
1927 3171 2336 3253 προκριθέν-

123 3282 308 3351 248τας
349 3299 506 3352 τους
555 3267 1060 3359 εὐγενεστάτους
1104 3274 1215 3338 καὶ
1260 3266 1716 3359 ῶραιοτάτους
1758 3271 1869 3336 καὶ
1912 3266 2141 3334 κάλλει
2185 3267 2335 3334 δια-

204 3380 513 3460 φέροντας
557 3377 995 3463 πεμφθῆναι,
1059 3372 1173 3453 οὓς
1219 3367 1717 3459 ἐγκλεισάμενος
1769 3370 1998 3456 ὥσπερ
2043 3363 2335 3456 ἀργυρω-

203 3477 408 3564 νήτοις
454 3476 775 3567 ἐχρήσατο
819 3480 933 3545 καὶ
981 3475 1450 3562 συγκαθεύδων
1494 3478 1606 3543 καὶ
1650 3473 1875 3543 πάντα
1916 3473 2173 3560 τρόπον
2220 3472 2336 3558 ἐμ-

203 3583 549 3665 παροινῶν.
581 3580 708 3671 ,καὶ
752 3577 956 3663 νόμον
1004 3578 1075 3644 δὲ
1121 3576 1513 3665 ἐπεποίητο,
1558 3572 1729 3663 ὑπὲρ
1773 3576 1857 3643 τὰ
1889 3569 2336 3643 ὀκτωκαίδεκα

203 3677 300 3766 ἔτη
344 3681 594 3768 μηδένα
636 3683 729 3764 τῷ
768 3676 974 3746 αὑτοῦ
1020 3679 1305 3763 στόματι
1352 3678 1750 3757 δεξιοῦσθαι
1792 3677 1961 3765 μηδὲ
2007 3678 2337 3765 φιλήματι

206 3773 644 3864 ἀσπάζεσθαι,
693 3775 862 3849 ἀλλὰ
906 3795 1050 3860 τοῖς
1098 3778 1327 3858 ἄλλοις
1371 3786 1744 3866 προτείνων
1774 3777 1893 3867 τὴν
1919 3791 2109 3863 χεῖρα
2138 3778 2337 3844 κύσαι

205 3882 429 3963 μόνους
470 3883 629 3962 τοὺς
674 3878 961 3969 ὡραίους
1003 3885 1380 3970 κατεφίλει,
1442 3883 1554 3947 καὶ
1614 3879 1964 3946 ἐκαλοῦντο
2024 3872 2210 3944 οὗτοι
2268 3881 2333 3945 οἱ

207 3980 375 4063 ἐντὸς
415 3990 532 4053 τοῦ
578 3985 975 4074 φιλήματος.
1066 3989 1167 4050 42.
1211 3986 1493 4050 τοιαῦτα
1545 3980 1879 4070 ἐντρυφῶν
1934 3994 2078 4057 τοῖς
2134 3973 2333 4069 άνοή-
2362 3991 2437 4045 42
