2800 4500
744 285 1136 338 ALEXANDER
1170 303 1211 339 S.
1251 286 1771 341 PSEUDOMANTls.
2216 288 2333 345 331

389 459 785 522 caederetur.‘
859 462 948 523 Of.
995 480 1044 520 e.
1073 464 1150 521 28
1197 463 1666 537 καταγέλαστος
1712 457 2095 540 ἀπήλλαξεν.
2167 464 2340 536 Quod

389 562 619 640 Seager
664 564 971 624 addiderat
1002 562 1263 641 ,κακῶς’
1305 581 1425 622 non
1456 581 1604 640 opus
1637 568 1744 642 est,
1792 568 2067 639 quoniam
2096 584 2220 627 rem
2253 569 2339 626 in·

385 666 642 727 feliciter
686 669 941 726 cessisse
985 668 1127 725 satis
1174 670 1500 741 coarguunt
1530 666 1716 726 verba
1751 665 1909 746 αὐτῇ
1954 676 2295 750 στρατιᾷ..
2318 720 2331 733 .

385 775 812 845 κατακοπείς;
862 787 1055 843 neque
1101 770 1290 844 magis
1335 770 1676 831 necessaria
1719 769 1957 829 videtur
1999 774 2341 832 coniectura

388 872 485 931 Fr.
534 866 887 950 εἷπήλεγξεν
933 868 1301 948 „coarguit“.

177 991 218 1034 c.
251 977 350 1033 27.
391 969 820 1051 Ὀθρυάδου
862 970 879 1053 ΙΙ
927 968 1245 1052 Ὀσρόου
1291 972 1489 1033 Kuhn.
1538 1007 1621 1017 ——
1665 968 1919 1047 βιότοιο
1962 970 2174 1051 φάους
2219 998 2286 1037 τε
2320 972 2338 1056 ΙΙ

383 1071 676 1150 βιότου
722 1070 968 1152 φάεος
1015 1098 1091 1136 τε
1148 1074 1430 1137 ΨΠΓΒ.

176 1195 219 1237 o.
247 1181 348 1237 28.
384 1172 869 1241 οἷποθανόντων
915 1179 979 1238 δὲ
1019 1174 1300 1255 χρησμὸς
1346 1173 1591 1251 ἄλλος
1638 1175 1891 1251 ἕτοιμος
1935 1171 2013 1255 ἢν
2051 1185 2334 1260 παλινῳ-

386 1283 520 1341 δῶν
551 1276 568 1357 [Ι
600 1297 712 1339 om.
759 1274 957 1352 ἄλλος
1003 1272 1200 1342 ΨΠΒ.

178 1404 219 1444 e.
249 1376 852 1458 30.Ἱ)ουτιλιανός,
912 1378 1072 1459 ἀνὴρ
1119 1432 1130 1443 .
1168 1431 1180 1443 .
1218 1432 1229 1443 .
1281 1375 1358 1442 τὰ
1404 1384 1467 1442 δὲ
1514 1384 1658 1459 περὶ
1704 1377 1857 1455 τοὺς
1914 1379 2108 1457 θεοὺς
2159 1378 2333 1444 πάνυ

385 1491 659 1547 νοσῶν
702 1479 722 1564 ΙΙ
765 1485 1068 1545 volueram
1113 1490 1341 1545 πονῶν
1387 1501 1496 1557 pro
1546 1489 1782 1561 νοσῶν,
1828 1483 1938 1542 sed
1983 1485 2140 1558 quod
2183 1483 2338 1544 infra

388 1589 693 1645 narratur:
742 1586 1029 1661 ἐξέκαιον
1075 1580 1196 1648 οὖν
1226 1581 1342 1646 τὸν
1380 1582 1616 1647 ἄθλιον
1660 1588 1932 1665 γέροντα
1963 1591 2067 1648 καὶ
2101 1588 2162 1661 ἐς
2191 1610 2336 1661 μα-

387 1694 465 1751 νί
478 1712 573 1750 αν
620 1689 1088 1767 ἐρρωμένην
1134 1688 1483 1762 ἐνέβαλλον
1528 1687 1675 1747 nihil
1706 1691 1796 1748 est
1827 1688 1985 1762 quod
2029 1693 2333 1749 mutemus.

383 1825 471 1832 —
516 1789 960 1870 ἀναπτῆναι
1006 1785 1026 1871 Ι
1070 1787 1458 1868 α’ναβῆναι
1503 1789 1576 1848 U.
1637 1822 1717 1832 —
1775 1785 1852 1852 τὰ
1896 1793 2013 1864 μὲν
2071 1786 2333 1868 ἰδόντες,

387 1889 480 1955 τὰ
527 1897 604 1955 δὲ
639 1889 738 1968 ὡς
785 1887 1097 1965 ἰδόντες
1140 1896 1268 1952 καὶ
1316 1887 1416 1966 ὡς
1461 1887 1964 1966 ἀκούσαντες
2010 1888 2335 1971 διηγού-

380 2018 617 2069 μενοι
645 1990 666 2075 ss
694 1990 772 2056 τὰ
817 1997 882 2056 δὲ
928 1991 1016 2069 ὡς
1062 1988 1385 2069 ἰδόντος
1432 1989 1935 2068 ἀκούσαντες
1981 1998 2029 2056 δ.
2081 1995 2329 2089 Mepler.

176 2115 220 2155 c.
250 2102 350 2158 31.
386 2095 555 2177 παρ’
602 2094 832 2160 αὐτοῦ
861 2092 880 2177 {1
908 2093 1070 2174 παρ’
1116 2093 1349 2158 αὑτοῦ
1381 2097 1476 2156 Fr.
1527 2130 1608 2139 —
1654 2101 1761 2158 καὶ
1802 2094 2053 2159 αὐτοῦ
2096 2114 2333 2173 ψευσο-

380 2201 619 2276 μένους
649 2178 669 2264 [1
699 2223 738 2261 α
757 2197 895 2262 ὐτο
917 2194 1001 2274 ὺς
1047 2192 1113 2258 Ω
1135 2198 1412 2262 ΨΠΓΒ.

176 2320 220 2360 e.
249 2306 347 2363 32.
382 2299 585 2365 α’λλὰ
632 2308 762 2364 καὶ
806 2308 1160 2381 μηχανᾶται
1205 2298 1223 2382 ΙΙ
1267 2305 1396 2363 καὶ
1455 2297 1655 2364 ἄλλο
1718 2325 1789 2361 τι
1848 2323 1986 2379 μηχ.
2039 2300 2202 2360 det.
2253 2335 2333 2344 —

383 2420 672 2484 κατεῖχεν
719 2400 961 2479 αὐτὸς
989 2401 1008 2483 ΙΙ
1040 2401 1216 2465 αὐτὸ
1262 2401 1384 2465 Ῑῖἳῐ.

178 2524 226 2565 c.
259 2512 355 2568 33.
387 2515 510 2571 τοῦ
556 2504 784 2581 παιδὸς
829 2507 896 2568 ἐκ
943 2529 1124 2585 προτ.
1175 2501 1482 2582 γυναικὸς
1527 2502 1545 2585 ΙΙ
1586 2529 1638 2566 τ.
1673 2529 1733 2568 π.
1787 2512 1929 2568 τοῦ
1969 2506 2036 2567 ἐκ
2069 2529 2130 2568 π.
2167 2529 2218 2582 γ.
2256 2501 2334 2564 Ψ

385 2644 464 2652 —
513 2604 937 2689 προστήσεται
983 2604 1127 2670 τὸν
1173 2612 1282 2670 διδ.
1321 2603 1493 2687 flom.
1541 2603 1684 2669 τὸν
1717 2602 1764 2663 Γ
1812 2641 1895 2649 —-—
1941 2605 2044 2668 δι’
2090 2603 2335 2690 αὐτὸῆ

384 2708 513 2774 διὰ
559 2719 809 2774 τοῦτο
866 2710 1088 2774 ΨΠΒ,

177 2829 224 2872 e.
253 2817 350 2872 35.
381 2820 512 2876 καὶ
559 2808 755 2887 οὗτος
799 2809 836 2874 ὃ
877 2807 1162 2891 χρησμὸς
1211 2817 1344 2872 τῶν
1406 2804 1818 2886 αὐτοφώνων
1876 2804 1955 2889 ἦν
1998 2806 2017 2890 [Ι
2057 2818 2331 2875 καίτοι

381 2917 695 2976 Tournier.
774 2911 789 2934 ‘
819 2914 1186 2988 Quamquam
1231 2913 1344 2972 hoc
1389 2913 1690 2971 oraculum
1735 2913 1795 2969 in
1844 2930 2044 2971 eorum
2088 2933 2331 2974 numero

386 3023 531 3094 erat,
579 3035 732 3092 quae
779 3017 852 3075 ab
898 3019 1029 3091 ipso
1075 3017 1187 3076 deo
1236 3016 1560 3075 edebantur
1604 3015 1788 3089 ipsius
1836 3015 1932 3074 dei
1976 3034 2125 3076 voce
2146 3014 2178 3075 ³.

180 3134 230 3174 c.
260 3122 352 3179 36.
384 3117 419 3182 ὃ
466 3118 539 3182 δ’
586 3115 676 3194 ὡς
704 3115 843 3199 ΙΓῼς
888 3123 951 3180 δὲ
985 3121 1032 3177 Β
1063 3154 1148 3163 -
1179 3114 1268 3192 ὡς
1313 3125 1433 3179 τοῦ
1477 3123 1713 3191 λοιμοῦ
1745 3113 2271 3198 ἀλεξιφάρμακον
2322 3118 2342 3205 fl

384 3242 495 3281 om.
558 3221 778 3283 ΨΠΒ.

177 3343 224 3383 e.
256 3328 347 3386 37.
378 3326 446 3387 ἐν
493 3322 659 3402 αὐτῇ
693 3318 892 3400 Ῥώμῃ
922 3317 940 3401 ss
971 3321 1038 3382 ἐν
1084 3318 1247 3398 αὐτῇ
1297 3326 1388 3400 τῇ
1423 3315 1491 3382 ‘R
1544 3320 1652 3378 Fr..
1689 3321 1780 3396 (ἐν
1826 3328 1903 3398 τῇ
1938 3317 2151 3400 ‘Pomm
2202 3318 2319 3399 Ψ),

178 3443 226 3485 c,
257 3429 348 3487 38.
379 3431 485 3489 καὶ
538 3423 702 3505 πρὸς
757 3428 874 3499 μὲν
919 3419 997 3484 τὰ
1041 3424 1108 3484 ἐν
1154 3429 1230 3502 τῇ
1281 3419 1506 3502 Ἰταλίᾳ
1567 3428 1770 3484 ταῦτα
1827 3428 1961 3484 καὶ
2018 3421 2107 3486 τὰ
2166 3450 2253 3488 το
2274 3451 2333 3487 ι-

384 3536 586 3592 αῦτα
617 3531 1147 3606 προσεμηχανᾶτο
1179 3521 1196 3605 ἷΙ
1227 3524 1560 3583 Fritzsehe:
1608 3529 1714 3585 καὶ
1760 3521 1838 3586 τὰ
1867 3529 1984 3600 μὲν
2016 3522 2180 3606 πρὸς
2212 3525 2329 3609 τὴν

386 3629 655 3694 Ἰταλίαν
699 3635 934 3691 ταῦτα’
982 3628 1149 3691 οἴκοι
1195 3630 1257 3689 δὲ
1305 3632 1409 3688 καὶ
1457 3634 1728 3689 τοιαῦτα
1775 3639 2327 3709 προσεμηχανᾶτο.

383 3734 547 3793 Nihil
594 3733 814 3790 mutavi
858 3730 972 3789 sed
1010 3734 1287 3806 punctum
1333 3731 1506 3804 posui
1553 3733 1688 3805 post
1732 3738 1948 3793 ταῦτα.
2002 3765 2085 3774 -
2132 3740 2333 3796 συνί-

386 3853 670 3897 σταται
700 3829 718 3913 ss
750 3838 1011 3911 συνίστη
1061 3830 1198 3889 Ddf.
1248 3831 1539 3906 (συνίστα
1585 3829 1722 3903 Usu)

181 3948 230 3991 e.
260 3936 353 3996 39.
383 3938 570 4020 Δᾳδὶς
599 3933 619 4019 ΙΙ
646 3932 775 4017 Δᾲς
815 3937 909 3994 Fr.
957 3968 1038 3975 —
1083 3941 1518 3996 τελευταῖον
1547 3930 1566 4014 ΙΙ
1596 3942 1949 3999 τελευταῖο
1970 3959 2000 4011 ς
2044 3936 2210 4000 ΨΒ.
2251 3971 2330 3979 -

387 4040 451 4100 ἐν
483 4048 585 4124 τῴ
615 4041 787 4123 με’σῳ
818 4034 835 4117 ss
867 4056 977 4097 om.
1010 4043 1102 4119 τῷ
1143 4035 1305 4098 ΨΒ.
1343 4069 1426 4078 -
1459 4034 1809 4117 ὀλεθρίου
1842 4033 1861 4118 ss
1899 4036 2182 4119 ὀλέθρου
2216 4039 2329 4099 Bk.
