2800 4500
429 233 511 288 54
1310 233 1683 288 ΛΟΥΚΙΑΝΟΥ

426 403 498 468 δὲ
543 407 753 469 ταῦτα
801 404 1039 481 ἱκανῶς
1085 397 1513 488 ἀπεκρίνατο,
1561 402 1771 469 πάλιν
1818 397 2018 469 αὐτὸν
2061 396 2339 491 ἠρώτων
2384 409 2455 469 τί
2503 402 2592 490 δή

424 531 595 572 ποτε
641 499 778 572 άπὸ
827 510 944 596 τῆς
986 505 1263 595 μήνιδος
1297 505 1419 592 τὴν
1450 501 1654 592 ἀρχὴν
1686 505 2056 595 ἐποιήσατο
2077 525 2091 538 ·
2137 509 2248 572 καὶ
2279 504 2356 584 ὃς
2388 502 2598 572 εἶπεν
2619 518 2717 568 113

425 602 637 686 οὕτως
703 609 1021 676 ἐπελθεῖν
1090 602 1269 694 αὐτῷ
1343 609 1548 697 μηδὲν
1624 607 2156 696 ἐπιτηδεύσαντι,
2261 611 2373 674 καὶ
2444 607 2592 693 μὴν

421 706 682 779 κάκεῖνο
759 711 1148 795 ἐπεθύμουν
1223 711 1501 792 εἰδέναι,
1586 710 1646 777 εἰ
1719 716 2051 797 προτέραν
2130 711 2383 797 ε’γραψε
2455 710 2592 798 τὴν

413 808 820 882 Ὀδύσσειαν
865 819 980 900 τῆς
1019 813 1336 894 Ιλιάδος,
1397 811 1490 892 ῶς
1536 815 1601 881 οἱ
1647 815 1891 880 πολλοί
1937 833 2179 902 φασιν·
2243 810 2275 880 ὃ
2340 814 2411 880 δὲ
2454 807 2589 901 ἧρ-

423 931 619 983 νεῖτο.
718 910 823 983 ότι
881 915 1001 1000 μὲν
1056 916 1180 1002 γὰρ
1239 911 1391 983 οὐδὲ
1447 915 1700 1004 τυφλὸς
1757 903 1865 1004 ἦν,
1925 916 1962 982 ὃ
2021 919 2132 982 καὶ
2194 910 2352 983 αὐτὸ
2412 920 2588 1002 περὶ

424 1013 627 1086 αὐτοῦ
685 1021 1019 1105 λέγουσιν,
1091 1013 1328 1086 αὐτίκα
1383 1013 1809 1107 ηπιστάμην·
1880 1019 2103 1106 ειόρων
2169 1013 2327 1106 γάρ,
2398 1013 2587 1086 ἕστε

421 1116 574 1187 οὐδὲ
604 1120 1092 1189 πυνθάνεσθαι
1138 1120 1437 1209 ἐδεόμην.
1499 1122 1826 1200 πολλάκις
1863 1121 1934 1187 δὲ
1963 1124 2069 1188 καὶ
2106 1117 2347 1188 ἄλλοτε
2373 1125 2582 1189 τοῦτο

421 1222 725 1302 ἐποίουν,
787 1224 854 1289 εἴ
893 1249 1062 1290 ποτε
1109 1218 1309 1290 αὐτὸν
1357 1222 1597 1312 σχολὴν
1645 1219 1890 1310 ἄγοντα
1947 1219 2206 1308 ἑώρων·
2265 1223 2586 1310 προσιών

416 1324 545 1411 γὰρ
594 1353 673 1391 αν
718 1351 785 1391 τι
831 1324 1309 1414 ἐπυνθανόμην
1357 1320 1588 1448 αυτρῦ,
1650 1329 1759 1393 καὶ
1806 1351 1880 1404 ος
1926 1326 2305 1412 προθύμως
2348 1326 2586 1393 πάντα

420 1420 845 1549 απεκρίνατο,
877 1432 989 1495 καὶ
1020 1428 1316 1510 μάλιστα
1346 1427 1516 1511 μετὰ
1541 1427 1658 1515 τὴν
1685 1429 1889 1517 δίκην,
1922 1427 2213 1516 ἐπειδὴ’
2185 1430 2580 1517 εκράτησεν·

416 1527 521 1615 ἦν
540 1529 666 1617 γάρ
712 1556 814 1607 τις
857 1530 1083 1621 γραφὴ
1127 1525 1275 1597 κατ’
1332 1525 1535 1597 αυτοῦ
1586 1531 2083 1626 εἷσενηνεγμένη
2138 1525 2391 1618 ύβρεως
2433 1529 2574 1601 υπὸ

424 1636 750 1717 Θερσίτου
798 1627 908 1721 ἐφ
964 1633 1064 1710 οἷς
1112 1628 1312 1701 αυτὸν
1360 1632 1428 1699 ἐν
1472 1636 1553 1721 τῇ
1597 1633 1873 1721 ποιήσει
1926 1634 2223 1719 ε’σκωψε,
2278 1639 2386 1701 καὶ
2436 1634 2579 1702 ἐνί-

330 1756 612 1822 21κησεν
654 1728 956 1856 (Όμηρος
1005 1729 1387 1812 Ὀδυσσέως
1447 1735 2018 1821 συναγορεύοντος.
2110 1742 2211 1803 21.
2270 1735 2437 1802 κατὰ
2502 1739 2579 1805 δὲ

415 1862 571 1913 τους
631 1830 869 1914 αυτούς
925 1837 1202 1922 χρόνοις
1260 1832 1538 1926 ἄφίκετο
1596 1840 1706 1904 καὶ
1761 1839 2177 1924 Πυθαγόρας
2233 1836 2266 1905 ό
2316 1839 2581 1923 Σάμιος

417 1937 696 2017 επτάκις
743 1933 1051 2026 ἀλλαγεὶς
1095 1943 1204 2007 καὶ
1266 1940 1333 2006 ἐν
1388 1940 1738 2018 τοσούτοις
1797 1941 1992 2060 ζώςοις
2046 1942 2400 2025 βιοτεύσας
2455 1948 2575 2009 καὶ

418 2038 761 2119 ἐκτελέσας
804 2046 920 2129 τῆς
966 2047 1180 2131 ψυχης
1223 2041 1343 2121 τὰς
1388 2043 1766 2129 περιόδους.
1855 2040 1935 2131 ἠν
1982 2044 2053 2109 δὲ
2085 2049 2367 2128 χρυσοῦς
2412 2038 2576 2113 όλον
2599 2065 2700 2117 119

414 2141 492 2265 τὸ>
541 2143 759 2221 δεξιὸν
803 2140 1154 2243 ἡμίτομον.
1243 2147 1352 2210 καὶ
1416 2145 1652 2232 ἐκρίθη
1709 2145 1829 2228 μὲν
1886 2148 2574 2230 συμπολιτεύσασθαι

332 2313 337 2316 ,
418 2239 663 2328 αυτοῖς,
712 2246 1122 2327 ἐνεδοιάζετο
1170 2249 1307 2314 δὲ’
1289 2247 1387 2316 ε’τι
1433 2249 1722 2333 πότερον
1766 2250 2183 2336 Πυθαγόραν
2226 2278 2266 2339 η
2300 2246 2575 2339 Εύφορ-

412 2354 534 2431 βον
575 2347 695 2439 χρὴ
747 2377 948 2417 αυτον
995 2345 1365 2434 ονομάζειν.
1458 2377 1492 2417 ο
1540 2356 1769 2433 μέντοι
1797 2345 2244 2441 ’Ἐμπεδοκλῆς
2282 2392 2364 2401 -
2395 2352 2577 2440 ηλθε

413 2453 534 2535 μὲν
565 2456 677 2519 καὶ
726 2447 938 2534 οὗτος,
987 2459 1372 2542 περίεφθος
1415 2456 1527 2519 καὶ
1572 2452 1647 2519 τὸ
1699 2458 1891 2536 σῶμα
1937 2448 2094 2520 ὅλον
2140 2449 2574 2543 ὠπτημένος·

415 2592 496 2601 -
544 2548 617 2620 οὗ
665 2553 792 2641 μὴν
838 2556 1228 2641 παρεδέχθη
1273 2561 1497 2622 καίτοι
1542 2554 1765 2621 πολλὰ
1815 2556 2159 2635 ἱκετεύωνᾹ,

323 2679 399 2733 22
585 2662 686 2722 22.
734 2656 1109 2742 Προϊόντος
1155 2657 1226 2723 δὲ
1270 2661 1388 2722 τοῦ
1416 2656 1655 2742 χρόνου
1689 2657 1913 2747 ἐνέστη
1949 2655 2006 2747 [ὅ
2044 2654 2242 2747 άγιὸν]
2275 2659 2361 2725 τὰ
2393 2658 2568 2747 παρ’

416 2751 642 2835 αἰτοῖς
680 2758 1130 2825 Θανατούσια.
1219 2752 1633 2846 ἠγωνοθέτει
1680 2760 1751 2824 δὲ
1774 2753 2112 2842 Ἀχιλλεὺς
2142 2759 2216 2827 τὸ
2253 2767 2577 2845 πέμπτον

411 2863 524 2927 καὶ
558 2859 816 2948 Θησευς
858 2887 933 2926 το
985 2860 1286 2944 ε’βδομον.
1378 2888 1460 2927 τα
1506 2862 1626 2943 μὲν
1673 2848 1786 2928 οὖν
1834 2859 2001 2928 άλλα
2045 2863 2299 2972 μακρὸν
2346 2892 2428 2931 αν
2469 2866 2576 2954 εἰη

415 2964 656 3048 λέγειν·
731 2962 814 3029 τὰ
890 2963 960 3029 δὲ
1026 2962 1363 3050 κεφάλαια
1430 2967 1563 3029 τῶν
1630 2968 2114 3049 πραχθέντων
2142 2965 2576 3056 διηγήσομαι.

412 3064 635 3153 πάλην
664 3065 785 3149 μὲν
816 3064 1072 3153 ἐνίκησε
1102 3069 1325 3149 Κᾶρος
1357 3059 1554 3157 ο(άφ’
1588 3062 1993 3154 (Ηρακλέους
2015 3061 2354 3135 Ὀδυσσέα
2388 3069 2576 3158 [περὶ

408 3171 529 3234 τοῦ
587 3165 945 3255 στεφάνου]
1002 3168 1657 3253 καταγωνισάμενος·
1717 3168 1941 3259 πυγμὴ
2004 3170 2075 3236 δὲ
2133 3170 2247 3260 ἰ’ση
2310 3170 2574 3257 ἐγένετο

400 3263 669 3356 Ἀρείου
715 3295 789 3336 τε
834 3272 951 3336 τοῦ
992 3269 1529 3361 Αἷγυπτίουζὸς
1575 3270 1641 3337 ἐν
1672 3277 1996 3358 Κορίνθῳ
2040 3277 2412 3356 τέθαπται,
2462 3281 2693 3345 aalma

399 3367 677 3440 Ἐπειοῦ
725 3366 1038 3458 ἀλλήλοις
1085 3371 1570 3439 συνελθόντων.
1663 3380 2077 3459 παγκρατίου
2125 3369 2188 3440 δ’
2250 3370 2324 3442 οὗ
2371 3384 2575 3445 τίθε-

406 3502 519 3543 ται
552 3462 737 3541 ἆθλα
768 3468 935 3556 παρ>
976 3468 1222 3553 αὐτοῖς.
1285 3474 1402 3542 τὸν
1433 3481 1664 3559 μέντοι
1697 3476 1946 3562 δρόμον
1979 3472 2198 3544 οὐκέτι
2227 3484 2576 3570 μέμνημαι

408 3571 595 3655 όστις
641 3575 919 3664 ἐνίκησε.
1008 3580 1311 3665 ποιητῶν
1358 3577 1431 3643 δὲ
1473 3580 1556 3666 τῇ
1612 3579 1731 3661 μὲν
1790 3572 2084 3667 ἀληθείᾳ
2143 3580 2332 3667 παρὰ
2391 3585 2574 3651 πολὺ

410 3679 669 3765 εκράτει
716 3673 1021 3768 Όμηρος,
1070 3678 1326 3769 ἐνίκησε
1373 3673 1515 3746 δὲ
1490 3675 1674 3764 όμως
1700 3676 2038 3760 “.Ησίοδος
2128 3682 2211 3749 τὰ
2261 3684 2332 3750 δὲ
2381 3671 2576 3753 ἆθλα

406 3779 485 3867 ἠν
533 3774 751 3848 άπασι
798 3787 1128 3868 στέφανος
1175 3783 1454 3860 πλακεὶς
1500 3781 1568 3849 ἐκ
1613 3787 1878 3867 πτερῶν
1922 3790 2281 3852 ταωνείων.

323 3902 398 3956 23
581 3889 683 3951 23.
737 3879 939 3969 >Ἀρτι
1007 3884 1077 3949 δὲ
1149 3887 1269 3949 τοῦ
1343 3878 1600 3969 αγῶνος
1676 3887 2263 3969 συντετελεσμένου
2336 3884 2578 3977 ἠγγέλ-

411 3987 602 4051 λοντο
652 3986 716 4053 οἱ
763 3985 830 4053 ἐν
874 3990 971 4073 τῷ
1010 3986 1205 4072 χώρῳ
1258 3990 1387 4051 τῶν
1451 3985 1711 4070 ἀσεβῶν
1767 3986 2196 4072 κολαζόμενοι
2261 3984 2575 4082 ἀπορρή-
