2800 4500
460 240 534 298 17
545 240 584 298 4
1326 241 1476 305 [Aor
1477 241 1629 293 KlAN
1632 240 1736 304 ΟΥ]

457 409 917 496 ραδειγμάτων
963 414 1141 499 σφᾶς
1189 405 1432 488 αὐτοὺς
1477 408 1848 498 ῥυθμίζειν,
1906 402 2075 475 ἀλλὰ
2118 403 2242 475 κᾶκ
2284 413 2408 476 τοῦ
2453 404 2616 497 ἡμε-

455 519 648 601 τέρου
692 518 846 598 βίου
889 512 1136 579 κανόνα
1184 518 1656 599 προτίθεσθαι
1700 514 1810 579 καὶ
1875 511 2107 600 ζηλοῦν
2166 511 2417 579 ἐκεῖνον
2465 509 2617 596 α’ρι-

391 627 430 683 8
468 639 624 683 στον
670 640 762 681 ιυν
809 611 960 681 οἶδα
1005 613 1128 701 ἐγώ
1176 613 1574 703 φιλοσόφων
1603 613 1972 702 γενόμενον.
2063 620 2121 681 3
2166 600 2247 701 ἦν
2279 614 2351 680 δὲ
2379 612 2459 680 τὸ
2495 614 2619 698 μὲν

454 725 642 805 γένος
686 715 1022 804 Κύπριος,
1083 712 1157 784 οὗ
1205 720 1338 784 τῶν
1385 711 1662 804 ἆφανῶν
1707 709 1837 782 όσα
1882 715 1977 795 εἰς
2025 709 2289 799 ἀξίωμα
2335 718 2615 783 πολιτι-

454 818 570 887 κὸν
601 820 712 885 καὶ
741 822 990 907 κτῆσιν.
1084 812 1158 884 οὗ
1192 818 1324 905 μὴν
1356 813 1526 884 αλλὰ
1556 820 1668 885 καὶ
1699 817 1978 884 πάντων
2007 817 2261 885 τούτων
2291 814 2617 906 ὕπεράνω
2635 833 2716 883 376

453 920 806 1007 γενόμενος
834 923 942 986 καὶ
979 915 1275 999 ἆξιώσας
1313 919 1550 987 ἑαυτὸν
1594 924 1730 986 τῶν
1773 921 2146 987 καλλίστων
2190 918 2365 1007 πρὸς
2411 921 2620 1008 φιλο-

457 1029 707 1111 σοφίαν
764 1015 1071 1110 ῶρμησεν
1128 1016 1247 1089 οὐκ
1282 1016 1795 1108 Ἀγαθοβούλου
1851 1020 1946 1105 μὰ
1990 1015 2109 1088 Δί’
2175 1016 2330 1088 οὐδὲ
2375 1028 2621 1110 Δημη-

453 1132 640 1211 τρίου
698 1124 832 1211 πρὸ
903 1119 1107 1192 αὐτοῦ
1173 1119 1328 1191 οὐδὲ
1358 1119 1779 1252 Ἐπικτήτου
1845 1122 2365 1211 ἐπεγειράντων,
2439 1119 2621 1191 ἀλλὰ

454 1230 629 1293 πᾶσι
671 1227 791 1310 μὲν
836 1231 1211 1313 συνεγένετο
1258 1227 1523 1305 τούτοις
1552 1230 1663 1294 καὶ
1696 1226 1798 1294 ε’τι
1836 1226 2239 1311 Τιμοκράτει
2268 1231 2367 1312 τῷ
2391 1222 2619 1312 (Ηρα-

453 1328 701 1415 κλεώτῃ
748 1333 944 1415 σοφῷ
990 1323 1183 1413 ανδρὶ
1245 1329 1476 1450 φωνήν
1530 1354 1603 1395 τε
1660 1331 1774 1395 καὶ
1811 1327 2090 1450 γνώμην
2144 1328 2444 1414 μάλιστα
2505 1353 2619 1395 κε-

453 1434 873 1519 κοσμημένῳ·
920 1424 1071 1496 ἀλλ’
1124 1457 1159 1497 ο
1206 1430 1332 1516 γὰρ
1377 1430 1717 1519 Δημῶναξ
1761 1454 1875 1513 ουχ
1920 1425 2053 1496 ὖπό
2100 1429 2355 1496 τούτων
2402 1431 2617 1512 τινός,

457 1528 547 1609 ὥς
591 1532 776 1657 ἐφην,
821 1534 1307 1656 παρακληθείς,
1355 1526 1505 1598 ἄλλ
1558 1531 1810 1609 οἰκείας
1857 1530 2030 1619 πρὸς
2072 1531 2157 1597 τὰ
2189 1527 2428 1598 καλὰ(
2393 1537 2621 1622 ορμῆς

453 1638 564 1702 καὶ
625 1633 920 1720 ἐμφύτου
989 1634 1163 1720 πρὸς
1231 1636 1648 1724 φιλοσοφίαν
1717 1633 1963 1719 ε’ρωτος
2028 1632 2097 1700 ἐκ
2163 1635 2432 1701 παίδων
2506 1630 2619 1701 εὖ·

454 1735 587 1813 θυς
629 1741 1044 1824 κεκινημένος
1086 1733 1399 1821 ὑπερεῖδε
1442 1737 1563 1822 μὲν
1622 1740 1756 1802 τῶν
1816 1730 2267 1822 ἀνθρωπείων
2323 1730 2621 1822 ἀγαθῶν

458 1834 804 1920 ἁπάντων,
864 1838 1020 1905 ολον
1067 1839 1139 1905 δε
1185 1839 1532 1924 παραδους
1577 1837 1815 1905 εαυτὸν
1862 1836 2213 1927 ελευθερίᾳ
2268 1840 2380 1906 καὶ
2429 1864 2622 1926 παρ-

456 1945 655 2028 ρησίᾳ
701 1940 1063 2009 διετέλεσεν
1095 1935 1294 2020 αὐτός
1336 1967 1410 2008 τε
1453 1935 1649 2027 ὀρθῷ
1689 1945 1799 2008 καὶ
1830 1937 2004 2027 ὖγιεῖ
2028 1943 2137 2023 καὶ
2171 1935 2621 2030 ἀνεπιλήπτῳ

452 2046 583 2129 βίῳ
622 2042 962 2130 χρώμενος
1005 2047 1116 2111 καὶ
1160 2057 1304 2121 τοῖς
1365 2039 1577 2127 δρῶσι
1630 2045 1741 2109 καὶ
1803 2036 2120 2110 ἀκούουσι
2176 2042 2623 2129 παράδειγμα

455 2150 763 2231 παρέχων
805 2143 924 2235 τήν
968 2144 1208 2212 ἑαυτοῦ
1250 2145 1515 2233 γνώμην
1571 2148 1682 2211 καὶ
1742 2143 1860 2231 τὴν
1919 2143 1987 2210 ἐν
2043 2147 2141 2231 τῷ
2200 2145 2620 2232 φιλοσοφεῖν

386 2257 425 2312 4
461 2240 812 2334 ἀλήθειαν.
902 2256 961 2315 4.
1009 2242 1084 2315 οὗ
1129 2246 1259 2335 μὴν
1318 2241 1630 2325 ἀνίπτοις
1684 2272 1757 2334 γε
1815 2254 2014 2328 ποσί,
2072 2244 2147 2314 τὸ
2206 2251 2327 2313 τοῦ
2386 2246 2619 2333 λόγου,

456 2349 628 2437 πρὸς
672 2354 883 2418 ταῦτα
926 2338 1112 2439 ᾖξεν,
1175 2345 1344 2417 ἀλλὰ
1391 2353 1503 2418 καὶ
1548 2364 1867 2439 ποιηταῖς
1921 2349 2290 2438 σύντροφος
2347 2348 2622 2436 ἐγένετο

454 2457 564 2520 καὶ
609 2457 741 2521 τῶν
786 2455 1123 2521 πλείστων
1169 2452 1492 2542 ἐμέμνητο
1536 2455 1649 2519 καὶ
1694 2451 1905 2538 λέγειν
1948 2446 2195 2541 ἤσκητο
2240 2455 2351 2519 καὶ
2385 2451 2517 2531 τὰς
2552 2453 2718 2520 &vm

457 2557 837 2644 φιλοσοφίᾳ
903 2554 1334 2643 προαιρέσεις
1403 2548 1519 2620 οὐκ
1586 2547 1701 2620 ἐπ’
1765 2546 1990 2640 ὀλίγον
2050 2548 2203 2620 οὐδὲ
2260 2552 2432 2620 κατὰ
2492 2555 2622 2644 τὴν

455 2663 832 2744 παροιμίαν
878 2653 1055 2744 ἄκρῳ
1098 2660 1196 2743 τῶ
1242 2656 1541 2743 δακτύλῳ
1588 2651 1937 2741 ἁψάμενος
1978 2648 2336 2744 ήπίστατο,
2382 2659 2504 2723 καὶ
2538 2657 2622 2724 τὸ

458 2761 651 2843 σῶμα
698 2758 770 2824 δὲ
823 2757 1262 2845 ἐγεγύμναστο
1322 2761 1435 2825 καὶ
1491 2756 1663 2844 πρὸς
1718 2764 2074 2845 καρτερίαν
2132 2756 2622 2846 διεπεπόνητο,

453 2864 563 2927 καὶ
608 2859 684 2927 τὸ
733 2854 889 2927 ὅλον
936 2860 1317 2948 ἐμεμελήκει
1363 2854 1542 2947 αὐτῷ
1586 2859 1869 2947 μηδενὸς
1915 2856 2115 2926 ἄλλου
2163 2859 2467 2947 προσδεᾶ
2520 2858 2624 2928 εἶ-

455 2981 597 3030 ναι·
658 2961 831 3029 ὥστε
873 2965 985 3029 καὶ
1032 2962 1181 3029 ἐπεὶ
1228 2963 1484 3046 ἔμαθεν
1530 2956 1749 3029 οὐκέτι
1800 2961 2017 3048 ἑαυτῷ
2061 2961 2379 3047 διαρκῶν,
2442 2960 2623 3027 ἕκιίν

458 3059 733 3154 ἀπῆλθε
775 3069 894 3131 τοῦ
936 3070 1087 3150 βίου
1133 3063 1348 3131 πολὺν
1391 3062 1565 3151 ὑπὲρ
1613 3060 1815 3131 αὑτοῦ
1861 3057 2054 3150 λόγον
2110 3076 2254 3142 τοῖς
2301 3056 2624 3146 ἆρίστοις

387 3176 425 3231 5
459 3172 591 3235 τῶν
632 3164 963 3254 Ἑλλήνων
1005 3167 1414 3235 καταλιπών.
1506 3174 1565 3233 5.
1613 3168 2027 3254 φιλοσοφίας
2072 3165 2144 3232 δὲ
2182 3162 2360 3244 εἶδος
2393 3160 2517 3249 οὐχ
2549 3168 2623 3234 ἓν

224 3263 278 3320 Ι
459 3264 980 3355 ἀποτεμόμενος,
1029 3263 1197 3335 ἀλλὰ
1234 3268 1458 3335 πολλὰ
1492 3267 1583 3356 [ἐς
1612 3261 1842 3355 ταύτὸ]
1890 3267 2257 3351 καταμίξας
2303 3261 2379 3335 οὗ
2428 3269 2619 3337 πάνυ

455 3400 523 3440 τι
568 3372 875 3460 ἐξέφαινε
932 3379 1064 3439 τίνι
1126 3369 1342 3438 αὐτῶν
1403 3371 1695 3458 ἔχαιρεν·
1754 3365 1942 3456 ἐῴκει
2001 3370 2073 3436 δὲ
2126 3374 2224 3457 τῷ
2268 3371 2622 3455 Σωκράτει

456 3477 710 3558 μᾶλλον
756 3468 1177 3561 ᾠκειῶσθαι,
1242 3472 1302 3540 εἰ
1345 3475 1457 3539 καὶ
1502 3476 1599 3559 τῷ
1643 3470 1929 3557 σχήματι
1970 3473 2084 3537 καὶ
2138 3475 2221 3560 τῇ
2280 3475 2400 3538 τοῦ
2454 3478 2620 3556 βίου

459 3577 762 3665 ῥᾳστώνῃ
808 3575 924 3644 τὸν
970 3575 1285 3642 Σινωπέα
1333 3575 1564 3663 ζηλοῦν
1621 3573 1874 3654 ἔδοξεν,
1939 3566 2013 3639 οὗ
2072 3573 2620 3660 παραχαράττων

457 3676 542 3744 τὰ
589 3676 657 3757 ἐς
698 3677 817 3763 τὴν
864 3678 1148 3754 δίαιταν,
1194 3674 1287 3755 ῶς
1329 3676 1750 3760 θαυμάζοιτο
1796 3678 1906 3743 καὶ
1961 3669 2425 3761 ἀποβλέποιτο
2469 3672 2615 3742 ὑπὸ

457 3783 589 3847 τῶν
656 3777 1205 3867 ἐντυγχανόντων,
1286 3772 1438 3845 ἀλλ’
1520 3774 1912 3863 ὁμοδίαιτος
1978 3771 2237 3845 ἅπασιν
2304 3780 2416 3844 καὶ
2483 3803 2619 3846 πε-

846 3873 1195 3905 )))))

394 3991 432 4044 6
465 3978 883 4064 πολιτεύετο,
960 3989 1019 4050 6.
1085 3980 1205 4069 τὴν
1274 3983 1395 4067 μὲν
1467 3986 1587 4049 τοῦ
1650 3981 2042 4069 Σωκράτους
2113 3980 2456 4068 εἰρωνείαν
2531 3975 2722 4048 oba-18
