2800 4500
325 419 404 475 34

323 1742 398 1799 35

432 234 461 290 1
473 234 508 290 8
1312 234 1599 288 ΔΟΥΚΙΑΝ
1601 234 1686 287 ΟΥ

603 410 702 472 34.
767 405 951 491 Φημὶ
1009 408 1231 470 τοίνυν
1286 402 1406 470 τὸν
1464 399 1707 489 ἄριστα
1764 404 2065 490 ἱστορίαν
2122 405 2606 492 συγγράφοντα
2631 416 2697 465 45

429 505 546 572 δύο
591 506 712 589 μὲν
755 509 969 572 ταῦτα
1011 505 1517 631 κορυφαιότατα
1548 506 1822 573 οίκοθεν
1867 505 2100 588 έχοντα
2143 499 2344 631 η’κειν,
2395 507 2602 574 σύνε-

430 615 535 674 σίν
581 633 655 673 τε
700 606 1052 694 πολιτικὴν
1096 610 1206 673 καὶ
1254 606 1602 690 δύναμινί
1573 607 2057 694 ερμηνευτικήν,
2103 606 2222 693 τὴν
2267 609 2386 691 μὲν
2432 603 2600 676 ἀδί-

429 708 669 776 δακτόν
725 736 792 776 τι
848 712 967 795 τῆς
1026 708 1293 796 φύσεως
1355 709 1598 791 δῶρον,
1663 705 1703 797 ἡ
1765 709 2043 792 δύναμις
2100 711 2172 777 δὲ
2229 713 2451 797 πολλῇ
2507 716 2600 798 τῇ

428 804 703 899 ἀσκήσει
763 813 875 877 καὶ
943 822 1201 891 συνεχεῖ
1250 813 1349 895 τιῦ
1417 810 1608 896 πόνῳ
1675 813 1782 877 καὶ
1815 810 2025 932 ςζήλω
2092 814 2224 877 τῶν
2291 807 2599 896 ἀρχαίων

426 917 997 1001 προσγεγενημένη
1046 911 1239 978 ε’στω.
1327 915 1540 977 ταῦτα
1598 914 1719 994 μὲν
1765 938 1880 978 ουν
1929 909 2165 994 ἄτεχνα
2221 918 2328 981 καὶ
2391 908 2595 980 ουδὲν

427 1014 587 1097 ἐμοῦ
634 1014 1010 1098 συμβούλου
1058 1014 1369 1097 δεόμενα·
1421 1039 1496 1080 ου
1528 1014 1652 1100 γὰρ
1701 1014 2013 1092 συνετοὺς
2040 1018 2148 1081 καὶ
2197 1009 2439 1094 ὀξεῖς)
2403 1043 2593 1083 απο-

426 1124 694 1240 φαίνειν
737 1141 893 1194 τους
934 1116 1024 1202 μὴ
1072 1115 1261 1201 παρὰ
1305 1119 1427 1204 τῆς
1469 1111 1734 1204 φύσεως
1777 1117 2122 1195 τοιούτους
2167 1122 2336 1206 φησὶ
2380 1123 2589 1185 τοῦτο

424 1216 579 1305 ἡμῖν
623 1217 698 1284 τὸ
746 1221 1042 1302 βιβλίον·
1100 1217 1250 1285 ἐπεὶ
1297 1220 1575 1301 πολλου,
1620 1221 1876 1302 μᾶλλον
1922 1219 1994 1286 δὲ
2038 1223 2158 1285 τοῦ
2203 1219 2458 1298 παντὸς
2503 1207 2592 1308 ἦν

426 1315 645 1400 ἀξιον,
715 1320 776 1385 εἰ
841 1319 1277 1402 μεταπλάσαι
1342 1322 1456 1386 καὶ
1520 1324 2021 1409 μετακοσμῆσαι
2075 1319 2160 1386 τὰ
2218 1323 2592 1408 τηλικαῦτα

421 1416 710 1509 ἠδύνατο
771 1412 815 1510 ἢ
873 1420 942 1488 ἐκ
996 1421 1331 1505 μολύβδου
1380 1421 1626 1506 χρυσὸν
1686 1416 2040 1511 ἀποφῆναι
2082 1413 2124 1510 ἢ
2182 1418 2464 1508 ἄργυρον
2515 1423 2594 1490 ἐκ

421 1528 818 1608 κασσιτέρου
863 1513 907 1610 ἢ
964 1518 1102 1590 ἀπὸ
1151 1523 1466 1600 Κόνωνος
1518 1530 1851 1609 Τίτορμον
1894 1515 1937 1611 ἢ
1983 1518 2121 1591 ἀπὸ
2171 1532 2588 1614 Λεωτροφί-

426 1627 543 1693 δου
589 1628 884 1694 Μίλωνα
933 1624 1453 1710 ἐξεργάσασθαι.

596 1734 696 1796 35.
752 1722 942 1792 Ἀλλά
988 1753 1123 1794 που
1167 1727 1243 1794 τὸ
1291 1732 1408 1813 τῆς
1452 1732 1680 1815 τέχνης
1736 1729 1847 1794 καὶ
1890 1726 1966 1794 τὸ
2027 1732 2145 1815 τῆς
2203 1731 2681 1815 συμβουλῆς46

417 1824 777 1918 χρήσιμον·
827 1823 947 1896 οὒκ
988 1828 1055 1907 ἐς
1099 1835 1377 1917 ποίησιν
1422 1832 1555 1894 τῶν
1587 1829 1999 1913 προσόντων,
2047 1823 2199 1895 ἀλλ’
2254 1830 2321 1908 ἐς
2344 1833 2590 1915 χρῆσιν

423 1926 641 1999 αὐτῶν
696 1931 815 2020 τὴν
870 1931 1373 2019 προσήκουσαν·
1441 1930 1584 1997 οἷόν
1640 1957 1708 1997 τι
1766 1925 1996 2015 ἀμέλει
2051 1934 2164 1999 καὶ
2205 1927 2411 2009 Ἴκκος
2467 1936 2584 1998 καὶ

412 2030 762 2121 “Ηρόδικος
804 2036 916 2100 καὶ
953 2038 1142 2100 Θέων
1185 2036 1297 2100 καὶ
1345 2033 1412 2099 εἴ
1433 2058 1538 2110 τις
1584 2028 1785 2110 ἄλλος
1827 2033 2202 2122 γυμναστὴς
2245 2028 2359 2115 οὐχ
2405 2030 2584 2100 ὑπό-

424 2159 690 2218 σχοιντο
715 2131 797 2201 ἄν
829 2141 941 2201 σοί
962 2138 1197 2201 τοῦτον
1227 2131 1345 2200 τὸν
1368 2134 1745 2218 Περδίκκαν
1769 2135 2278 2220 παραλαβόντες
2301 2173 2379 2182 --
2407 2135 2469 2201 εἰ
2498 2135 2582 2221 δὴ
2609 2150 2674 2199 47

425 2232 620 2317 οὗτός
665 2237 846 2305 ἐστιν
891 2234 925 2306 ό
974 2242 1089 2324 τῆς
1133 2241 1460 2326 μητρυιᾶς
1504 2237 1823 2325 ἐρασθεὶς
1866 2241 1978 2305 καὶ
2025 2231 2117 2304 δι’
2177 2230 2335 2305 αύτὸ
2385 2263 2582 2305 κατε-

422 2342 743 2429 σκληκώς,
805 2336 1002 2428 [ἀλλὰ
1058 2341 1146 2429 μὴ
1195 2337 1534 2423 Ἀντίοχος
1591 2336 1626 2406 ό
1688 2344 1804 2406 τοῦ
1851 2340 2170 2428 Σελεύκου
2216 2347 2583 2426 Στρατονί-

420 2470 534 2524 κης
594 2443 866 2531 ἐκείνης]
922 2482 1005 2491 --
1053 2437 1466 2529 ἀποφαίνειν
1514 2435 2029 2530 Ὀλυμπιονίκην
2085 2445 2193 2508 καὶ
2262 2447 2584 2528 Θεαγένει

1562 2546 1590 2558 Q

486 2551 513 2562 ιι.
867 2536 900 2560 2!
1214 2543 1227 2563 t
2196 2537 2216 2563 2

418 2572 511 2632 τῳ
566 2550 801 2630 Θασίῳ
858 2571 896 2629 η
951 2544 1438 2625 Πολυδαμαντι
1493 2568 1586 2628 τῳ
1647 2549 2119 2630 Σκοτουσσαίῳ
2181 2546 2666 2624 αντίπαλον,48

422 2641 594 2714 ἀλλὰ
640 2646 759 2731 τὴν
812 2647 1138 2712 δοθεῖσαν
1194 2641 1535 2711 ὑπόθεσιν
1583 2639 1798 2732 εὗφυᾶ
1857 2646 2029 2728 πρὸς
2074 2643 2413 2735 ὑποδοχὴν
2458 2649 2581 2734 τῆς

418 2751 861 2836 γυμναστικῆς
928 2746 1116 2833 παρὰ
1185 2746 1358 2812 πολὺ
1431 2741 1681 2830 ἀμείνω
1745 2741 2155 2835 ἀποφαίνειν
2219 2746 2390 2831 μετὰ
2458 2752 2579 2836 τῆς

418 2857 664 2939 τέχνης.
741 2843 910 2915 ὥστε
958 2843 1232 2914 ἀπέστω
1272 2851 1382 2915 καὶ
1427 2844 1615 2933 ἡμῶν
1658 2846 1735 2915 τὸ
1784 2847 2168 2935 ἐπίφθονον
2213 2852 2412 2915 τοῦτο
2458 2853 2580 2936 τῆς

417 2950 870 3035 ὑποσχέσεως,
933 2950 992 3016 εἰ
1049 2954 1276 3072 τέχνηγ
1322 2950 1543 3036 φαμὲν
1590 2945 1702 3037 ἐφ’
1770 2942 1942 3017 ου’τω
1987 2951 2252 3036 μεγάλῳ
2296 2953 2409 3017 καὶ
2449 2976 2575 3032 χα·

421 3059 609 3142 λεπῳ
652 3058 749 3139 τιῦ
794 3051 1140 3139 πράγματι
1185 3048 1558 3138 εὑρηκέναι·
1622 3046 1697 3118 οὗ
1743 3050 1868 3136 γὰρ
1916 3047 2215 3118 ὁντινοῦν
2261 3054 2576 3138 παραλα-

417 3158 650 3242 βόντες
695 3151 1075 3242 ἀποφανεῖν
1122 3159 1505 3240 συγγραφέα
1551 3160 1802 3242 φαμέν,
1851 3148 2020 3219 ἀλλὰ
2066 3180 2158 3240 τῳ
2208 3152 2408 3241 φύσει
2457 3177 2576 3220 συ-

421 3265 585 3348 νετῷ
630 3261 739 3324 καὶ
789 3254 1031 3341 ἄριστα
1076 3255 1262 3341 πρὸς
1297 3256 1528 3340 λόγους
1573 3250 1917 3342 ἠσκημένῳ
1962 3217 2343 3332 ὑποδείξειν
2374 3251 2578 3333 ὁδούς

418 3387 606 3441 τινας
649 3355 886 3448 ὀρθάς,
935 3358 994 3423 εἰ
1026 3356 1102 3446 δὴ
1135 3361 1446 3424 τοιαῦται
1478 3364 1855 3443 φαίνονται,
1904 3356 2012 3434 αἷς
2038 3358 2373 3439 χρώμενος
2404 3360 2575 3422 θᾶτ-

418 3492 532 3532 τον
579 3454 660 3528 ἀν
703 3463 813 3526 καὶ
862 3454 1340 3545 εὐμαρέστερον
1369 3461 1694 3525 τελέσειεν
1741 3453 1893 3545 ἄχρι
1929 3457 2103 3543 πρὸς
2146 3456 2262 3525 τὸν
2296 3458 2575 3524 σκοπόν.

317 3582 394 3639 86
421 3572 521 3635 36.
553 3571 776 3631 καίτοι
809 3588 883 3628 ου
914 3561 1037 3647 γὰρ
1073 3552 1152 3627 ἀν
1185 3568 1392 3649 φαίης
1427 3555 1769 3648 ἀπροσδεῆ
1799 3558 1916 3625 τὸν
1950 3559 2217 3626 συνετὸν
2251 3556 2426 3626 εἶναι
2454 3564 2575 3648 τῆς

417 3676 644 3756 τέχνης
671 3667 781 3731 καὶ
830 3664 1268 3741 διδασκαλίας
1308 3656 1402 3727 ὦν
1433 3656 1686 3746 ἀγνοεῖ·
1736 3660 1886 3728 ἐπεὶ
1932 3651 2050 3728 κᾶν
2098 3660 2438 3747 ἐκιθάριζε
2478 3663 2573 3750 μὴ

417 3767 682 3890 μαθών)
707 3770 819 3834 καὶ
863 3760 1049 3852 ηύλει
1092 3768 1201 3831 καὶ
1246 3764 1471 3830 πάντα
1518 3754 1597 3831 ἂν
1641 3758 1998 3852 ηπίστατο.
2074 3767 2186 3829 νῦν
2218 3762 2407 3852 δὲμὴ
2441 3790 2574 3847 μα-

418 3873 566 3940 θών
615 3896 728 3938 ουκ
771 3865 852 3935 ἅν
895 3894 964 3935 τι
996 3861 1211 3933 αυτῶν
1252 3865 1796 3985 χειρουργήσειεν,
1843 3862 2323 3944 ὑποδείξαντος
2369 3866 2443 3931 δέ
2471 3892 2575 3933 τι-
2599 3880 2656 3929 49

420 4002 530 4054 νος
575 3971 787 4063 ῥᾷστά
831 3994 905 4036 τε
952 3959 1032 4034 ἀν
1059 3968 1281 4052 μάθοι
1323 3970 1434 4032 καὶ
1480 3991 1547 4032 ευ
1593 3972 2130 4050 μεταχειρίσαιτο
2179 3959 2291 4054 ἐφ’
2346 3963 2571 4034 αὑτοῦ.
