2800 4500
1075 233 1434 287 ΕΥΝΟΥΧΟΣ.
2203 234 2324 294 163

359 403 676 466 ΠΑΜΦ.
776 397 949 468 Οἶδα
991 406 1233 469 ταῦτα·
1279 410 1393 470 καί
1435 403 1586 471 τινα
1632 427 1844 493 φασιν
1878 398 2093 471 αὐτῶν
2139 405 2328 492 ε’ναγ-

110 513 300 581 353χος
343 493 741 584 ἀποθανεῖν,
787 508 921 570 τῶν
964 510 1542 626 Περιπατητικῶν,
1589 503 1801 592 οἶμαι,
1850 505 1966 573 τὸν
2012 506 2259 592 ε’τερον.

352 608 572 669 AYK.
660 598 889 693 Αυτη,
950 593 1002 673 ῶ
1047 608 1393 696 Πάμφιλε,
1440 605 1479 697 ἡ
1521 605 1783 697 (,Ελένη
1835 604 2006 691 ὑπὲρ
2050 602 2128 697 ἧς
2172 608 2328 693 ἐμο-

198 697 507 786 νομάχουν
572 705 745 793 πρὸς
812 702 1155 795 ἀλλήλους.
1258 715 1370 778 καὶ
1437 707 1590 796 ἄχρι
1645 735 1718 797 γε
1776 710 2010 777 τούτου
2068 711 2328 796 γελοῖον

196 797 371 871 οὐδὲν
415 791 495 895 ῆν
541 800 901 888 ἐκείνοις
859 837 899 900 η
944 809 1019 878 τὸ
1070 812 1491 901 φιλοσόφους
1549 809 1723 880 εἶναι
1780 812 2159 900 φάσκοντας
2214 814 2328 880 καὶ

189 907 530 995 χρημάτων
573 927 1016 1000 καταφρονεῖν
1060 913 1300 981 ἔπειτα
1344 910 1517 1002 ὑπὲρ
1559 914 1816 982 τούτων
1860 909 1950 992 ῶς
1991 910 2160 1001 ὑπὲρ
2190 939 2328 980 πα-

192 1009 404 1095 τρίδος
468 1013 969 1104 κινδυνευούσης
1037 1020 1151 1085 καὶ
1228 1017 1426 1103 ἱερῶν
1500 1016 1835 1103 πατρῴων
1907 1020 2018 1085 καὶ
2089 1016 2326 1105 τάφων

190 1118 592 1196 προγονικῶν
637 1109 1108 1203 ἀγωνίζεσθαι.

343 1218 669 1285 ΠΑΜΦ.
760 1223 896 1288 Καὶ
949 1219 1078 1309 μὴν
1143 1223 1252 1288 καὶ
1314 1221 1529 1307 δόγμα
1585 1220 1782 1287 τοῦτό
1840 1225 1914 1307 γέ
1975 1219 2116 1287 ἐστι
2181 1233 2325 1299 τοῖς

189 1320 775 1407 Περιπατητικοῖς,
842 1319 918 1389 τὸ
978 1322 1064 1410 μὴ
1131 1323 1397 1411 σφόδρα
1455 1336 1901 1410 καταφρονεῖν
1951 1322 2323 1411 χρημάτων,

191 1409 344 1484 ἀλλὰ
385 1427 616 1505 τρίτον
662 1416 925 1509 ἀγαθὸν
967 1428 1164 1492 τοῦτο
1210 1425 1509 1493 οι’.εσθαι

109 1529 175 1580 354
338 1529 565 1589 AYK
647 1518 923 1611 Ὀρθῶς
954 1528 1182 1613 λέγεις.
1246 1532 1418 1617 φασὶ
1447 1527 1572 1614 γὰρ
1605 1552 1721 1594 ουν
1752 1530 1981 1606 ταῦτα,
2014 1528 2125 1592 καὶ
2155 1523 2323 1591 κατὰ

188 1620 259 1687 τὰ
288 1623 548 1710 πάτρια
580 1625 868 1713 ἐγίγνετο
902 1623 1129 1707 αὐτοῖς
1160 1626 1196 1697 5
1232 1629 1547 1713 πόλεμος.
1609 1637 1668 1696 4.
1699 1627 1784 1695 τὰ
1816 1626 1984 1712 μετὰ
2014 1630 2223 1694 ταῦτα
2249 1626 2321 1693 δὲ
2356 1641 2394 1696 4

188 1718 385 1813 ἥὸη”
340 1753 563 1795 ακουε.
653 1732 900 1797 πολλοὶ
942 1731 1064 1815 μὲν
1106 1730 1233 1819 γὰρ
1280 1735 1386 1799 καὶ
1437 1728 1632 1799 ἄλλοι
1659 1730 1782 1798 τὸν
1814 1729 2198 1849 ἐπιτάφιον
2207 1731 2327 1795 τοῦ

189 1818 652 1910 ἀποθανόντος
697 1831 947 1901 ἐκείνου
1002 1827 1436 1923 ἠγωνίζοντο·
1499 1833 1616 1901 δύο
1677 1834 1750 1900 δὲ
1808 1833 2103 1919 μάλιστα
2158 1816 2326 1919 ῆσαν

189 1927 245 1992 οἱ
283 1923 699 2022 ἀμφήριστοι
743 1930 978 2017 αὐτῶν,
1023 1938 1316 2025 Διοκλῆς
1358 1961 1434 2003 τε
1477 1932 1512 2003 5
1560 1935 1939 2024 πρεσβύτης
1985 1972 2066 1982 -
2112 1929 2326 2000 οἶσθα

189 2027 253 2097 ὃν
293 2033 491 2118 λέγω,
553 2034 671 2103 τὸν
716 2036 1045 2124 ἐριστικόν
1091 2075 1174 2085 -
1217 2042 1328 2105 καὶ
1377 2037 1659 2123 Βαγώας
1704 2034 1738 2104 5
1804 2031 2106 2119 εὐνοῦχος
2151 2031 2325 2101 εἶναι

191 2132 398 2202 δοκῶν.
491 2135 576 2203 τὰ
621 2138 742 2222 μὲν
788 2125 902 2206 οὖν
945 2142 1076 2207 τῶν
1137 2138 1347 2226 λόγων
1404 2139 1870 2228 προηγώνιστο
1930 2132 2156 2214 αὐτοῖς
2211 2137 2324 2201 καὶ

189 2235 291 2323 τὴν
355 2238 712 2325 ἐμπειρίαν
771 2240 1078 2330 ἑκάτερος
1136 2245 1271 2310 τῶν
1330 2242 1678 2329 δογμάτων
1738 2239 2155 2308 ἐπεδέδεικτο
2209 2239 2322 2304 καὶ

193 2339 286 2407 ὅτι
325 2346 444 2410 τοῦ
483 2336 993 2430 Ἀριστοτέλους
1036 2348 1150 2414 καὶ
1195 2349 1327 2412 τῶν
1372 2345 1600 2433 ἐκείνῳ
1648 2345 2014 2412 δοκούντων
2074 2341 2322 2423 εἴχετο·

190 2446 287 2510 καὶ
325 2445 418 2529 μὰ
455 2443 577 2512 τὸν
605 2439 724 2513 Δί’
764 2441 1107 2530 ουδέτερος
1138 2441 1357 2514 αἰτῶν
1388 2442 1677 2533 αμείνων
1707 2433 1806 2537 ῆν.
1898 2453 1957 2513 5.
1987 2443 2063 2512 τὸ
2099 2437 2164 2510 δ’
2204 2469 2318 2509 ουν
2352 2458 2391 2513 5

191 2547 359 2626 τέλος
401 2551 524 2664 τῆς
569 2548 752 2637 δίκης
797 2548 865 2627 ἐς
907 2554 1105 2617 τοῦτο
1152 2554 1505 2639 περιέστη·
1554 2544 1887 2637 ἀφέμενος
1927 2546 2053 2634 γὰρ
2086 2541 2120 2612 5
2152 2551 2321 2613 Λιο-

191 2648 329 2775 κλῆς
367 2652 489 2716 τοῦ
536 2648 866 2718 δεικνύναι
910 2649 994 2716 τὰ
1041 2647 1243 2718 αὖτοῦ
1287 2657 1671 2736 μετέβαινεν
1719 2650 1835 2719 ἐπὶ
1879 2647 1992 2716 τόν
2045 2646 2322 2734 Βαγώαν

193 2752 288 2816 καὶ
341 2751 695 2839 διελέγχειν
752 2752 1069 2841 ἐπειρᾶτο
1125 2748 1421 2839 μάλιστα
1477 2753 1593 2821 τὸν
1649 2760 1802 2840 βίον
1861 2746 2096 2820 αυτοῦ·
2153 2747 2321 2816 κατὰ

192 2846 381 2920 ταύτὰ
428 2855 502 2921 δὲ
546 2857 655 2922 καὶ
702 2851 737 2922 5
789 2856 1070 2942 Βαγώας
1118 2851 1507 2977 ἀντεξήταζε
1549 2855 1666 2924 τὸν
1715 2856 1963 2923 ἐκείνου
2007 2860 2180 2939 βίον.

342 2959 668 3024 ΠΑΜΦ.
757 2957 1070 3040 Εικότως,
1120 2944 1174 3025 ῶ
1220 2968 1506 3027 Λυκῖνε·
1553 2961 1665 3025 καὶ
1709 2957 1794 3024 τὰ
1840 2959 2057 3025 πλείω
2100 2980 2174 3082 γε
2203 2957 2321 3020 τοῦ

194 3056 370 3143 λόγου
414 3063 575 3147 περὶ
619 3059 857 3126 τούτου
901 3062 1155 3145 μᾶλλον
1201 3059 1393 3146 ἐχρῆν
1439 3058 1611 3128 εἶναι
1657 3054 1914 3137 αὐτοῖς·
1963 3055 2053 3136 ῶς
2098 3056 2317 3142 ε’γωγε,

194 3183 245 3224 ει
285 3161 561 3242 δικάζων
606 3160 973 3247 ἐτύγχανον,
1028 3162 1143 3230 ἐπὶ
1187 3167 1284 3250 τῷ
1328 3161 1611 3250 τοιούτῳ
1655 3160 1732 3229 τὸ
1782 3163 2016 3228 πλεῖον
2061 3160 2320 3244 διατρῖ-

199 3273 311 3338 ψαι
356 3260 435 3330 ἄν
477 3290 600 3349 μοι
645 3262 817 3330 δοκῶ
861 3262 975 3332 τὸν
1022 3259 1298 3349 ἄμεινον
1339 3268 1616 3349 βιοῦντα
1658 3265 1920 3349 μᾶλλον
1978 3251 2019 3349 ἢ
2076 3259 2192 3326 τὸν
2251 3257 2321 3324 ἓν

195 3377 319 3442 τοῖς
363 3367 585 3452 λόγοις
631 3360 860 3446 αὐτοῖς
910 3366 1420 3453 προχειρότερον
1480 3366 1690 3455 ζητῶν
1747 3368 1859 3434 καὶ
1920 3364 2320 3451 οἰκειότερον

194 3468 264 3552 τῇ
304 3475 440 3557 νίκῃ
483 3468 789 3552 νομίζων.

347 3575 405 3637 6.
448 3577 674 3638 AYK.
760 3557 853 3639 Εὖ
895 3574 1106 3659 λέγεις
1147 3567 1314 3658 κάμὲ
1358 3568 1726 3692 ὁμόψηφον
1772 3571 1840 3639 ἐν
1880 3570 2095 3658 τούτῳ
2128 3570 2315 3654 ἔχεις.
2351 3577 2389 3634 6

122 3667 331 3738 amn-ei
379 3673 447 3740 δὲ
493 3667 645 3753 α’λις
686 3676 806 3758 μὲν
852 3673 1027 3759 εἶχον
1070 3678 1539 3765 βλασφημιῶν,
1589 3667 1737 3752 α’λις
1784 3675 1854 3740 δὲ
1901 3672 2194 3760 ἐλέγχων,
2240 3670 2315 3737 τὸ

197 3773 551 3843 τελευταῖον
598 3773 722 3867 η’δη
768 3775 804 3844 5
850 3779 1146 3867 Διοκλῆς
1190 3778 1352 3868 ε’φη,
1410 3777 1577 3867 μηδὲ
1621 3776 1740 3863 τὴν
1790 3771 1990 3864 ἀρχὴν
2034 3770 2321 3857 θεμιτὸν

202 3870 354 3943 εἶναι
394 3881 486 3964 τῷ
532 3878 779 3968 Βαγώᾳ
822 3886 1353 3965 μεταποιεῖσθαι
1399 3880 1813 3968 φιλοσοφίας
1864 3880 1974 3943 καὶ
2019 3879 2152 3941 τῶν
2198 3867 2312 3940 ἐπ’

203 3970 348 4066 αὗτῇ
402 3976 754 4069 ἀριστείων
812 3984 1093 4071 εὐνούχῳ
1150 4009 1224 4069 γε
1280 4009 1456 4063 οντι,
1527 3975 1698 4046 ἀλλὰ
1765 4003 1920 4055 τους
1975 3975 2369 4054 τοιούτους

1905 4078 2011 4132 11*
