2800 4500
472 251 563 308 64
1361 252 1450 304 AO
1458 252 1493 303 Υ
1495 251 1646 304 KlAN
1650 251 1734 303 ΟΥ

478 424 776 508 ρημένων
835 421 1355 540 διαιρουμένοις·
1416 420 1782 543 βοήσαντες
1828 421 1899 486 δὲ
1945 421 2196 498 πάντες
2249 420 2631 505 ἐδιώκομεν,

476 526 586 590 καὶ
632 528 969 606 κτείνομέν
1014 548 1086 589 τε
1131 516 1291 589 όσον
1335 524 1745 609 πεντήκοντα
1789 527 1900 590 καὶ
1948 523 2197 604 ζῶντας
2244 518 2463 590 αὐτῶν
2510 523 2631 590 δύο

476 626 922 710 λαμβάνομεν,
969 629 1079 693 καὶ
1114 612 1316 705 αὖθις
1360 621 1587 695 ὀπίσω
1635 621 2141 713 ἀνεστρέψαμεν
2186 626 2341 705 τοὺς
2388 627 2635 711 αἰχμα-

481 723 778 806 λώτους’
760 729 1034 811 έχοντες.
1126 736 1339 796 σιτίον
1384 735 1614 814 μέντοι
1645 724 1835 796 ουδὲν
1883 722 2176 816 εύρομεν.
2269 729 2333 796 οἱ
2362 730 2484 813 μὲν
2518 755 2638 796 ουν

481 827 673 898 αλλοι
734 832 1073 919 παρήνουν
1134 825 1600 919 ἀποσφάττειν
1656 831 1813 910 τοὺς
1860 832 2323 917 εἰλημμένους,
2385 831 2512 918 ἐγώ
2567 832 2638 897 δὲ

477 928 596 999 οῦκ
642 933 1063 1016 ἐδοκίμαζον,
1124 928 1294 999 ἀλλὰ
1342 934 1551 1020 δήσας
1597 933 1968 1021 ἐφύλαττον
2018 929 2288 1016 αὐτούς,
2354 930 2508 1020 ἄχρι
2558 933 2637 1020 δὴ

482 1029 803 1123 ἀφίκοντο
849 1036 1037 1120 παρὰ
1084 1040 1215 1103 τῶν
1263 1036 1714 1125 Βουκεφάλων
1770 1041 2086 1122 πρέσβεις
2132 1036 2470 1115 αἰτοῦντες
2518 1036 2636 1103 ἐπὶ

482 1138 746 1221 λύτροις
801 1137 955 1216 τοῖς
1013 1142 1599 1227 συνειλημμένους·
1661 1146 1964 1224 συνίεμεν
2021 1138 2145 1227 γὰρ
2204 1132 2423 1206 αῦτῶν
2484 1139 2640 1206 δια-

482 1239 803 1306 νευόντων
860 1244 969 1306 καὶ
1025 1241 1256 1327 γοερόν
1313 1268 1380 1308 τι
1439 1246 1841 1325 μυκωμένων
1899 1235 2126 1328 ῶσπερ
2188 1241 2637 1309 ἱκετευόντων.

480 1344 564 1408 τὰ
613 1343 817 1432 λύτρα
863 1344 934 1409 δὲ
977 1330 1055 1431 ἦν
1101 1346 1291 1430 τυροὶ
1343 1345 1588 1411 πολλοὶ
1645 1348 1757 1412 καὶ
1804 1344 2000 1427 ἰχθῦς
2045 1344 2232 1432 ξηροὶ
2274 1348 2383 1410 καὶ
2430 1344 2640 1429 κρόμ-

480 1471 616 1529 μυα
673 1449 786 1512 καὶ
845 1446 1089 1534 ἔλαφοι
1146 1450 1489 1535 τέτταρες,
1557 1459 1736 1532 τρεῖς
1792 1445 2032 1535 ἑκάστη
2092 1446 2314 1524 πόδας
2372 1446 2722 1529 ἔχουσα,138

484 1547 600 1614 δύο
645 1547 766 1631 μὲν
827 1548 980 1625 τοὺς
1037 1543 1365 1630 ὄπισθεν,
1427 1549 1492 1615 οἱ
1538 1549 1610 1614 δὲ
1655 1543 1893 1634 πρόσω
1940 1548 2036 1627 εἰς
2083 1548 2196 1615 ἕνα
2256 1548 2641 1636 συνεπεφύ-

480 1674 728 1717 κεισαν.
821 1650 937 1717 ἐπὶ
981 1650 1243 1729 τούτοις
1288 1645 1662 1729 ἀποδόντες
1718 1650 1873 1729 τοὺς
1925 1653 2481 1740 συνειλημμένους
2526 1655 2641 1719 καὶ

312 1794 315 1797 >
390 1756 644 1837 45μίαν
689 1749 940 1839 ἡμέραν
988 1755 1452 1836 ἐπιμείναντες
1498 1748 1900 1844 ἀνήχθημεν.
1992 1761 2094 1820 45.
2139 1749 2264 1843 ἤδη
2299 1755 2370 1820 δὲ
2405 1753 2643 1837 ἰχθύες

484 1880 557 1920 τε
599 1851 757 1944 ἡμῖν
806 1854 1163 1942 ἐφαίνοντο
1209 1859 1317 1922 καὶ
1364 1852 1563 1942 ὄρνεα
1608 1862 2026 1942 παρεπέτετο
2057 1859 2169 1922 καὶ
2203 1849 2350 1922 ὀὲλλ>
2404 1852 2642 1924 ὅπόσα

484 1961 602 2045 γῆς
649 1960 937 2045 πλησίον
984 1953 1185 2046 οὔσης
1231 1971 1468 2047 σημεῖα
1521 1953 2001 2049 προύφαίνετο.
2090 1952 2238 2044 μετ>
2292 1957 2525 2045 ὀλίγον
2575 1961 2643 2027 δὲ

484 2063 596 2127 καὶ
643 2055 889 2146 ἄνδρας
947 2060 1214 2144 εἴδομεν
1270 2064 1480 2147 καινῷ
1537 2060 1771 2156 τρόπῳ
1828 2063 2171 2140 ναυτιλίας
2225 2066 2641 2148 χρωμένους·

488 2157 677 2229 αὐτοὶ
721 2163 845 2250 γὰρ
889 2166 1001 2229 καὶ
1047 2166 1282 2230 ναῦται
1337 2166 1449 2230 καὶ
1496 2167 1642 2253 νῆες
1684 2159 1872 2251 ἦσαν.
1963 2164 2127 2243 λέξω
2176 2165 2247 2232 δὲ
2293 2170 2414 2232 τοῦ
2458 2170 2646 2234 πλοῦ

483 2266 599 2333 τὸν
644 2267 930 2352 τρόπον·
975 2259 1211 2333 ὕπτιοι
1254 2274 1545 2350 κείμενοι
1593 2266 1707 2334 ἐπὶ
1753 2271 1872 2333 τοῦ
1916 2259 2159 2346 ῧδατος
2202 2262 2645 2355 ὀρθώσαντες

484 2369 568 2435 τὰ
632 2371 858 2437 αἰδοῖα
903 2409 984 2418 -
1030 2370 1286 2456 μεγάλα
1345 2370 1418 2435 δὲ
1477 2375 1797 2458 φέρουσιν
1840 2408 1925 2418 —-
1980 2370 2051 2449 ἐξ
2108 2366 2326 2437 αὐτῶν
2382 2367 2645 2462 ὀθόνην

486 2474 899 2550 πετάσαντες
943 2476 1052 2539 καὶ
1095 2487 1246 2550 ταῖς
1276 2475 1465 2558 χερσὶ
1504 2471 1657 2550 τοῦς
1702 2473 2051 2552 ποδεῶνας
2094 2479 2476 2556 κατέχοντες
2529 2476 2645 2560 ἐμ-

490 2581 863 2653 πίπτοντος
893 2578 1012 2641 τοῦ
1045 2573 1288 2658 ἀνέμου
1335 2574 1596 2641 ἔπλεον.
1673 2570 1868 2641 ἄλλοι
1899 2576 1971 2641 δὲ
2002 2574 2169 2658 μετὰ
2218 2571 2493 2655 τούτους
2530 2580 2646 2645 ἐπὶ

492 2679 752 2760 φελλῶν
818 2676 1191 2765 καθήμενοι
1258 2676 1594 2757 ζεύξαντες
1660 2676 1778 2743 δύο
1847 2678 2162 2765 δελφῖνας
2226 2674 2519 2768 ἤλαυνόν
2577 2706 2646 2746 τε

490 2781 601 2844 καὶ
645 2775 984 2864 ἡνιόχουν·
1046 2780 1110 2845 οἱ
1159 2780 1230 2845 δὲ
1277 2779 1630 2865 προϊόντες
1676 2779 2087 2868 ἐπεφέροντο
2133 2780 2287 2858 τοὺς
2335 2783 2645 2869 φελλούς.

493 2874 680 2948 οὗτοι
745 2878 921 2968 ἡμᾶς
987 2878 1140 2948 οὔτε
1195 2877 1465 2968 ἠδίκουν
1532 2879 1683 2950 οὔτε
1751 2883 2060 2970 ἔφευγον,
2131 2878 2281 2949 ἀλλ’
2356 2880 2647 2971 ἤλαυνον

495 2977 706 3061 ἀδεῶς
761 3009 832 3049 τε
892 2988 1000 3051 καὶ
1065 2985 1405 3071 εἰρηνικῶς
1463 2983 1539 3052 τὸ
1603 2981 1780 3062 εἶδος
1837 2988 1955 3051 τοῦ
2019 2981 2338 3074 ἡμετέρου
2398 2989 2645 3055 πλοίου

400 3084 1109 3171 46θαυμάζοντεςκαὶ
1147 3087 1496 3155 πάντοθεν
1542 3091 2125 3173 περισκοποῦντες.
2214 3094 2317 3154 46.
2351 3087 2646 3173 ἑσπέρας
2663 3113 2726 3163 139

493 3190 564 3256 δὲ
610 3185 733 3278 ἤδη
785 3188 1263 3278 προσήχθημεν
1311 3190 1491 3279 νήσῳ
1536 3184 1611 3257 οῦ
1643 3189 1925 3277 μεγάλῃ·
1972 3184 2311 3279 κατῴκητο
2359 3191 2433 3258 δὲ
2481 3186 2643 3281 αὕτη

491 3288 644 3370 ὕπὸ,
674 3295 1027 3378 γυναικῶν,
1088 3287 1178 3369 ὡς
1224 3292 1640 3375 ἐνομίζομεν,
1693 3288 1980 3359 (Ελλάδα
2038 3292 2267 3381 φωνὴν
2326 3302 2646 3381 προϊεμέ-

493 3413 656 3461 νων·
704 3393 1092 3481 προσῄεσαν
1131 3391 1255 3480 γὰρ
1286 3397 1393 3461 καὶ
1445 3393 1814 3471 ἐδεξιοῦντο
1861 3396 1972 3460 καὶ
2015 3389 2419 3479 ἠσπάζοντο,
2467 3396 2645 3462 πάνυ

490 3495 841 3582 ἑταιρικῶς
885 3501 1398 3584 κεκοσμημέναι,
1459 3498 1657 3563 καλαὶ
1700 3500 1923 3563 πᾶσαι
1967 3499 2078 3563 καὶ
2124 3496 2454 3579 νεάνιδες,
2516 3524 2646 3564 πο-

494 3598 720 3687 δήρεις
763 3597 918 3675 τοὺς
956 3602 1242 3680 χιτῶνας
1287 3598 1790 3682 ἐπισυρόμεναι.
1878 3595 1917 3688 ἡ
1950 3600 2072 3682 μὲν
2103 3585 2218 3664 οῦν
2252 3603 2453 3686 νῆσος
2495 3601 2646 3667 ἐκα-

499 3703 676 3768 λεῖτο
737 3703 1176 3785 Καβαλοῦσα,
1245 3697 1281 3788 ἦ
1346 3702 1417 3767 δὲ
1486 3701 1690 3778 πόλις
1743 3696 2218 3786 Ὑδραμαρδία.
2322 3704 2650 3786 λαβοῦσαι

496 3799 559 3870 δ’
616 3789 729 3871 οῦν
774 3800 950 3893 ἡμᾶς
997 3805 1067 3871 αἱ
1112 3818 1413 3896 γυναῖκες
1471 3802 1709 3892 ἑκάστη
1769 3802 1942 3890 πρὸς
1994 3802 2231 3893 ἑαυτὴν
2278 3798 2493 3894 ἀπῆγε
2540 3809 2648 3871 καὶ

500 3907 684 3985 ξένον
732 3907 1050 3974 ἐποιεῖτο.
1128 3905 1252 3993 ἐγὼ
1284 3907 1356 3974 δὲ
1402 3905 1635 3993 μικρὸν
1684 3901 1993 3984 ἀποστὰς
2024 3943 2107 3954 -
2138 3900 2211 3972 οὗ
2244 3905 2369 3993 γὰρ
2395 3907 2647 3996 χρηστὰ

498 4009 949 4098 ἐμαντευόμην
997 4048 1077 4057 -
1136 4006 1601 4095 ἀκριβέστερόν
1660 4034 1732 4075 τε
1791 4011 2221 4094 περιβλέπων
2283 4004 2420 4098 ὁρῶ
2473 4013 2649 4076 πολ·

2755 2799 2761 2852 1

2755 2897 2761 2946 Ι

2755 3829 2761 3932 1
