<?xml version="1.0" encoding="UTF-8"?>
<!DOCTYPE html PUBLIC "-//W3C//DTD XHTML 1.0 Transitional//EN"
    "http://www.w3.org/TR/xhtml1/DTD/xhtml1-transitional.dtd">
<html xmlns="http://www.w3.org/1999/xhtml" xml:lang="en" lang="en">
 <head>
  <title>
</title>
<meta http-equiv="Content-Type" content="text/html;charset=utf-8" />
  <meta name='ocr-system' content='tesseract 3.04.00' />
  <meta name='ocr-capabilities' content='ocr_page ocr_carea ocr_par ocr_line ocrx_word'/>
</head>
<body>
  <div class='ocr_page' id='page_1' title='image "./lucianus00sommgoog/lucianus00sommgoog_0069.png"; bbox 0 0 2800 4500; ppageno 0'>
   <div class='ocr_carea' id='block_1_1' title="bbox 873 233 2359 302">
    <p class='ocr_par' dir='ltr' id='par_1_1' title="bbox 873 233 2359 302">
     <span class='ocr_line' id='line_1_1' title="bbox 873 233 2359 302; baseline -0.002 -16"><span class='ocrx_word' id='word_1_1' title='bbox 873 299 876 302; x_wconf 14' lang='lat'><strong>⁴</strong></span> <span class='ocrx_word' id='word_1_2' title='bbox 926 233 1229 288; x_wconf 71' lang='grc' dir='ltr'><strong>ΑΛΗΘΟΥΣ</strong></span> <span class='ocrx_word' id='word_1_3' title='bbox 1265 234 1562 287; x_wconf 62' lang='lat' dir='ltr'>mmmm:</span> <span class='ocrx_word' id='word_1_4' title='bbox 1600 236 1650 286; x_wconf 82' lang='lat' dir='ltr'><strong><em>B.</em></strong></span> <span class='ocrx_word' id='word_1_5' title='bbox 2277 235 2359 294; x_wconf 81' lang='lat'><strong><em>53</em></strong></span> 
     </span>
    </p>
   </div>
   <div class='ocr_carea' id='block_1_2' title="bbox 198 396 2363 1109">
    <p class='ocr_par' dir='ltr' id='par_1_2' title="bbox 198 396 2363 1109">
     <span class='ocr_line' id='line_1_2' title="bbox 201 396 2362 490; baseline 0.004 -24"><span class='ocrx_word' id='word_1_6' title='bbox 201 406 518 468; x_wconf 77' lang='grc' dir='ltr'><strong><em>Στωϊκῶν</em></strong></span> <span class='ocrx_word' id='word_1_7' title='bbox 565 396 788 480; x_wconf 70' lang='grc' dir='ltr'><strong><em>οὐδεὶς</em></strong></span> <span class='ocrx_word' id='word_1_8' title='bbox 831 407 1085 490; x_wconf 85' lang='grc' dir='ltr'><strong><em>παρῆν·</em></strong></span> <span class='ocrx_word' id='word_1_9' title='bbox 1145 404 1246 470; x_wconf 75' lang='grc' dir='ltr'><strong><em>ἔτι</em></strong></span> <span class='ocrx_word' id='word_1_10' title='bbox 1287 403 1415 490; x_wconf 82' lang='grc' dir='ltr'><strong><em>γὰρ</em></strong></span> <span class='ocrx_word' id='word_1_11' title='bbox 1461 404 1762 490; x_wconf 76' lang='grc' dir='ltr'><strong><em>ἐλέγοντο</em></strong></span> <span class='ocrx_word' id='word_1_12' title='bbox 1817 398 2201 489; x_wconf 72' lang='grc' dir='ltr'><strong><em>ἀναβαίνειν</em></strong></span> <span class='ocrx_word' id='word_1_13' title='bbox 2244 406 2362 475; x_wconf 82' lang='grc' dir='ltr'><strong><em>τὸν</em></strong></span> 
     </span>
     <span class='ocr_line' id='line_1_3' title="bbox 198 498 2361 596; baseline 0.004 -27"><span class='ocrx_word' id='word_1_14' title='bbox 198 508 324 593; x_wconf 85' lang='grc' dir='ltr'><strong><em>τῆς</em></strong></span> <span class='ocrx_word' id='word_1_15' title='bbox 370 498 613 593; x_wconf 77' lang='grc' dir='ltr'><strong><em>ἀρετῆς</em></strong></span> <span class='ocrx_word' id='word_1_16' title='bbox 658 502 899 594; x_wconf 71' lang='grc' dir='ltr'><strong><em>ὄρθιον</em></strong></span> <span class='ocrx_word' id='word_1_17' title='bbox 938 506 1170 595; x_wconf 80' lang='grc' dir='ltr'><strong><em>λόφον.</em></strong></span> <span class='ocrx_word' id='word_1_18' title='bbox 1259 500 1580 596; x_wconf 80' lang='grc' dir='ltr'><strong><em>ἠκούομεν</em></strong></span> <span class='ocrx_word' id='word_1_19' title='bbox 1614 508 1685 573; x_wconf 81' lang='grc' dir='ltr'><strong><em>δὲ</em></strong></span> <span class='ocrx_word' id='word_1_20' title='bbox 1715 512 1826 576; x_wconf 88' lang='grc' dir='ltr'><strong><em>καὶ</em></strong></span> <span class='ocrx_word' id='word_1_21' title='bbox 1858 512 2015 590; x_wconf 88' lang='grc' dir='ltr'><strong><em>περὶ</em></strong></span> <span class='ocrx_word' id='word_1_22' title='bbox 2048 516 2361 594; x_wconf 86' lang='grc' dir='ltr'><strong><em>Χρυσίπ-</em></strong></span> 
     </span>
     <span class='ocr_line' id='line_1_4' title="bbox 203 601 2359 698; baseline 0.003 -26"><span class='ocrx_word' id='word_1_23' title='bbox 203 632 344 673; x_wconf 96' lang='grc' dir='ltr'><strong><em>που</em></strong></span> <span class='ocrx_word' id='word_1_24' title='bbox 401 605 509 675; x_wconf 75' lang='grc' dir='ltr'><strong><em>ὅτι</em></strong></span> <span class='ocrx_word' id='word_1_25' title='bbox 572 601 647 674; x_wconf 79' lang='grc' dir='ltr'><strong><em>οὗ</em></strong></span> <span class='ocrx_word' id='word_1_26' title='bbox 706 608 1035 694; x_wconf 90' lang='grc' dir='ltr'><strong><em>πρότερον</em></strong></span> <span class='ocrx_word' id='word_1_27' title='bbox 1096 602 1277 695; x_wconf 74' lang='grc' dir='ltr'><strong><em>αὐτῷ</em></strong></span> <span class='ocrx_word' id='word_1_28' title='bbox 1333 607 1645 698; x_wconf 77' lang='grc' dir='ltr'><strong><em>ἐπιβῆναι</em></strong></span> <span class='ocrx_word' id='word_1_29' title='bbox 1704 614 1822 698; x_wconf 86' lang='grc' dir='ltr'><strong><em>τῆς</em></strong></span> <span class='ocrx_word' id='word_1_30' title='bbox 1878 609 2077 698; x_wconf 82' lang='grc' dir='ltr'><strong><em>νήσου</em></strong></span> <span class='ocrx_word' id='word_1_31' title='bbox 2137 616 2359 695; x_wconf 88' lang='grc' dir='ltr'><strong><em>θέμις,</em></strong></span> 
     </span>
     <span class='ocr_line' id='line_1_5' title="bbox 205 707 2363 802; baseline 0.002 -27"><span class='ocrx_word' id='word_1_32' title='bbox 205 712 370 798; x_wconf 82' lang='grc' dir='ltr'><strong><em>πρὶν</em></strong></span> <span class='ocrx_word' id='word_1_33' title='bbox 414 710 491 776; x_wconf 86' lang='grc' dir='ltr'><strong><em>τὸ</em></strong></span> <span class='ocrx_word' id='word_1_34' title='bbox 531 715 847 796; x_wconf 85' lang='grc' dir='ltr'><strong><em>τέταρτον</em></strong></span> <span class='ocrx_word' id='word_1_35' title='bbox 878 710 1113 778; x_wconf 78' lang='grc' dir='ltr'><strong><em>ἑαυτὸν</em></strong></span> <span class='ocrx_word' id='word_1_36' title='bbox 1145 710 1607 797; x_wconf 82' lang='grc' dir='ltr'><strong><em>ἐλλεβορίσειε.</em></strong></span> <span class='ocrx_word' id='word_1_37' title='bbox 1669 710 1823 791; x_wconf 76' lang='grc' dir='ltr'><strong><em>τοὺς</em></strong></span> <span class='ocrx_word' id='word_1_38' title='bbox 1855 713 1926 778; x_wconf 82' lang='grc' dir='ltr'><strong><em>δὲ</em></strong></span> <span class='ocrx_word' id='word_1_39' title='bbox 1950 707 2363 802; x_wconf 82' lang='grc' dir='ltr'><strong><em>Ἀκαδημαϊ-</em></strong></span> 
     </span>
     <span class='ocr_line' id='line_1_6' title="bbox 202 811 2362 897; baseline 0.003 -20"><span class='ocrx_word' id='word_1_40' title='bbox 202 811 360 889; x_wconf 76' lang='grc' dir='ltr'><strong><em>κοὺς</em></strong></span> <span class='ocrx_word' id='word_1_41' title='bbox 405 812 629 897; x_wconf 70' lang='grc' dir='ltr'><strong><em>ἔλεγον</em></strong></span> <span class='ocrx_word' id='word_1_42' title='bbox 677 812 938 881; x_wconf 88' lang='grc' dir='ltr'><strong><em>ἐθέλειν</em></strong></span> <span class='ocrx_word' id='word_1_43' title='bbox 997 814 1118 897; x_wconf 79' lang='grc' dir='ltr'><strong><em>μὲν</em></strong></span> <span class='ocrx_word' id='word_1_44' title='bbox 1163 812 1425 895; x_wconf 89' lang='grc' dir='ltr'><strong><em>ἐλθεῖν,</em></strong></span> <span class='ocrx_word' id='word_1_45' title='bbox 1488 813 1748 897; x_wconf 78' lang='grc' dir='ltr'><strong><em>ἐπέχειν</em></strong></span> <span class='ocrx_word' id='word_1_46' title='bbox 1796 814 1867 881; x_wconf 81' lang='grc' dir='ltr'><strong><em>δὲ</em></strong></span> <span class='ocrx_word' id='word_1_47' title='bbox 1914 814 2010 882; x_wconf 75' lang='grc' dir='ltr'><strong><em>ἔτι</em></strong></span> <span class='ocrx_word' id='word_1_48' title='bbox 2056 818 2166 882; x_wconf 87' lang='grc' dir='ltr'><strong><em>καὶ</em></strong></span> <span class='ocrx_word' id='word_1_49' title='bbox 2213 816 2362 883; x_wconf 88' lang='grc' dir='ltr'><strong><em>δια-</em></strong></span> 
     </span>
     <span class='ocr_line' id='line_1_7' title="bbox 203 909 2358 1004; baseline 0.002 -25"><span class='ocrx_word' id='word_1_50' title='bbox 203 919 662 982; x_wconf 80' lang='grc' dir='ltr'><strong><em>σκέπτεσθαι·</em></strong></span> <span class='ocrx_word' id='word_1_51' title='bbox 730 916 897 1004; x_wconf 81' lang='grc' dir='ltr'><strong><em>μηδὲ</em></strong></span> <span class='ocrx_word' id='word_1_52' title='bbox 953 915 1079 1001; x_wconf 78' lang='grc' dir='ltr'><strong><em>γάρ</em></strong></span> <span class='ocrx_word' id='word_1_53' title='bbox 1139 909 1298 983; x_wconf 79' lang='grc' dir='ltr'><strong><em>αὐτὸ</em></strong></span> <span class='ocrx_word' id='word_1_54' title='bbox 1360 916 1558 983; x_wconf 84' lang='grc' dir='ltr'><strong><em>τοῦτό</em></strong></span> <span class='ocrx_word' id='word_1_55' title='bbox 1629 942 1741 982; x_wconf 90' lang='grc' dir='ltr'><strong><em>πω</em></strong></span> <span class='ocrx_word' id='word_1_56' title='bbox 1806 917 2358 1003; x_wconf 79' lang='grc' dir='ltr'><strong><em>καταλαμβάνειν,</em></strong></span> 
     </span>
     <span class='ocr_line' id='line_1_8' title="bbox 203 1014 2362 1109; baseline 0.002 -26"><span class='ocrx_word' id='word_1_57' title='bbox 203 1016 264 1083; x_wconf 84' lang='grc' dir='ltr'><strong><em>εἰ</em></strong></span> <span class='ocrx_word' id='word_1_58' title='bbox 311 1021 425 1085; x_wconf 88' lang='grc' dir='ltr'><strong><em>καὶ</em></strong></span> <span class='ocrx_word' id='word_1_59' title='bbox 470 1016 672 1105; x_wconf 88' lang='grc' dir='ltr'><strong><em>νῆσός</em></strong></span> <span class='ocrx_word' id='word_1_60' title='bbox 713 1043 816 1096; x_wconf 88' lang='grc' dir='ltr'><strong><em>τις</em></strong></span> <span class='ocrx_word' id='word_1_61' title='bbox 845 1018 1119 1106; x_wconf 81' lang='grc' dir='ltr'><strong><em>τοιαύτη</em></strong></span> <span class='ocrx_word' id='word_1_62' title='bbox 1155 1017 1356 1084; x_wconf 82' lang='grc' dir='ltr'><strong><em>ἐστίν.</em></strong></span> <span class='ocrx_word' id='word_1_63' title='bbox 1449 1014 1666 1097; x_wconf 71' lang='grc' dir='ltr'><strong><em>ἄλλως</em></strong></span> <span class='ocrx_word' id='word_1_64' title='bbox 1701 1044 1774 1086; x_wconf 91' lang='grc' dir='ltr'><strong><em>τε</em></strong></span> <span class='ocrx_word' id='word_1_65' title='bbox 1804 1022 1914 1086; x_wconf 87' lang='grc' dir='ltr'><strong><em>καὶ</em></strong></span> <span class='ocrx_word' id='word_1_66' title='bbox 1945 1019 2063 1109; x_wconf 80' lang='grc' dir='ltr'><strong><em>τὴν</em></strong></span> <span class='ocrx_word' id='word_1_67' title='bbox 2096 1019 2209 1087; x_wconf 83' lang='grc' dir='ltr'><strong><em>ἐπὶ</em></strong></span> <span class='ocrx_word' id='word_1_68' title='bbox 2242 1025 2362 1087; x_wconf 83' lang='grc' dir='ltr'><strong><em>τοῦ</em></strong></span> 
     </span>
    </p>
   </div>
   <div class='ocr_carea' id='block_1_3' title="bbox 89 1115 2362 1209">
    <p class='ocr_par' dir='ltr' id='par_1_3' title="bbox 89 1115 2362 1209">
     <span class='ocr_line' id='line_1_9' title="bbox 89 1115 2362 1209; baseline 0.004 -27"><span class='ocrx_word' id='word_1_69' title='bbox 89 1116 736 1203; x_wconf 44' lang='grc' dir='ltr'><strong><em>ῙιδςΡαδαμάνθυος,</em></strong></span> <span class='ocrx_word' id='word_1_70' title='bbox 783 1116 994 1204; x_wconf 83' lang='grc' dir='ltr'><strong><em>οἶμαι,</em></strong></span> <span class='ocrx_word' id='word_1_71' title='bbox 1040 1126 1258 1205; x_wconf 85' lang='grc' dir='ltr'><strong><em>κρίσιν</em></strong></span> <span class='ocrx_word' id='word_1_72' title='bbox 1305 1119 1745 1200; x_wconf 85' lang='grc' dir='ltr'><strong><em>ἐδεδοίκεσαν,</em></strong></span> <span class='ocrx_word' id='word_1_73' title='bbox 1793 1115 1910 1188; x_wconf 71' lang='grc' dir='ltr'><strong><em>ὅτε</em></strong></span> <span class='ocrx_word' id='word_1_74' title='bbox 1951 1125 2061 1188; x_wconf 88' lang='grc' dir='ltr'><strong><em>καὶ</em></strong></span> <span class='ocrx_word' id='word_1_75' title='bbox 2109 1121 2183 1189; x_wconf 83' lang='grc' dir='ltr'><strong><em>τὸ</em></strong></span> <span class='ocrx_word' id='word_1_76' title='bbox 2222 1150 2362 1209; x_wconf 85' lang='grc' dir='ltr'><strong><em>κρι-</em></strong></span> 
     </span>
    </p>
   </div>
   <div class='ocr_carea' id='block_1_4' title="bbox 94 2785 186 2836">
    <p class='ocr_par' dir='ltr' id='par_1_4' title="bbox 94 2785 186 2836">
     <span class='ocr_line' id='line_1_10' title="bbox 94 2785 186 2836; baseline 0 0"><span class='ocrx_word' id='word_1_77' title='bbox 94 2785 186 2836; x_wconf 81' lang='grc'><strong><em>117</em></strong></span> 
     </span>
    </p>
   </div>
   <div class='ocr_carea' id='block_1_5' title="bbox 197 1216 2450 3459">
    <p class='ocr_par' dir='ltr' id='par_1_5' title="bbox 197 1216 2450 3459">
     <span class='ocr_line' id='line_1_11' title="bbox 200 1216 2365 1313; baseline 0.002 -25"><span class='ocrx_word' id='word_1_78' title='bbox 200 1222 440 1309; x_wconf 82' lang='grc' dir='ltr'><strong><em>τήριον</em></strong></span> <span class='ocrx_word' id='word_1_79' title='bbox 509 1216 703 1290; x_wconf 70' lang='grc' dir='ltr'><strong><em>αὐτοὶ</em></strong></span> <span class='ocrx_word' id='word_1_80' title='bbox 773 1216 1189 1310; x_wconf 82' lang='grc' dir='ltr'><strong><em>ἆνῃρηκότες.</em></strong></span> <span class='ocrx_word' id='word_1_81' title='bbox 1291 1222 1585 1302; x_wconf 74' lang='grc' dir='ltr'><strong><em>πολλοὺς</em></strong></span> <span class='ocrx_word' id='word_1_82' title='bbox 1652 1224 1723 1290; x_wconf 81' lang='grc' dir='ltr'><strong><em>δὲ</em></strong></span> <span class='ocrx_word' id='word_1_83' title='bbox 1790 1218 2006 1293; x_wconf 74' lang='grc' dir='ltr'><strong><em>αὐτῶν</em></strong></span> <span class='ocrx_word' id='word_1_84' title='bbox 2073 1225 2365 1313; x_wconf 75' lang='grc' dir='ltr'><strong><em>ἔφασκον</em></strong></span> 
     </span>
     <span class='ocr_line' id='line_1_12' title="bbox 200 1318 2365 1414; baseline 0.001 -23"><span class='ocrx_word' id='word_1_85' title='bbox 200 1320 635 1413; x_wconf 79' lang='grc' dir='ltr'><strong><em>ὁρμηθέντας</em></strong></span> <span class='ocrx_word' id='word_1_86' title='bbox 680 1318 1083 1392; x_wconf 67' lang='grc' dir='ltr'><strong><em>ἀκολουθεῖν</em></strong></span> <span class='ocrx_word' id='word_1_87' title='bbox 1127 1338 1271 1403; x_wconf 91' lang='grc' dir='ltr'><strong><em>τοῖς</em></strong></span> <span class='ocrx_word' id='word_1_88' title='bbox 1317 1325 1851 1414; x_wconf 79' lang='grc' dir='ltr'><strong><em>ἀφικνουμένοις,</em></strong></span> <span class='ocrx_word' id='word_1_89' title='bbox 1900 1323 2032 1392; x_wconf 73' lang='grc' dir='ltr'><strong><em>ὑπὸ</em></strong></span> <span class='ocrx_word' id='word_1_90' title='bbox 2069 1333 2365 1406; x_wconf 86' lang='grc' dir='ltr'><strong><em>νωθείας</em></strong></span> 
     </span>
     <span class='ocr_line' id='line_1_13' title="bbox 204 1421 2364 1517; baseline 0.003 -25"><span class='ocrx_word' id='word_1_91' title='bbox 204 1427 278 1492; x_wconf 81' lang='grc' dir='ltr'><strong><em>δὲ</em></strong></span> <span class='ocrx_word' id='word_1_92' title='bbox 342 1421 851 1494; x_wconf 76' lang='grc' dir='ltr'><strong><em>ἀπολείπεσθαι</em></strong></span> <span class='ocrx_word' id='word_1_93' title='bbox 911 1426 1002 1517; x_wconf 88' lang='grc' dir='ltr'><strong><em>μὴ</em></strong></span> <span class='ocrx_word' id='word_1_94' title='bbox 1060 1427 1697 1513; x_wconf 85' lang='grc' dir='ltr'><strong><em>καταλαμβάνοντας</em></strong></span> <span class='ocrx_word' id='word_1_95' title='bbox 1752 1431 1859 1495; x_wconf 82' lang='grc' dir='ltr'><strong><em>καὶ</em></strong></span> <span class='ocrx_word' id='word_1_96' title='bbox 1922 1422 2364 1517; x_wconf 76' lang='grc' dir='ltr'><strong><em>ἀναστρέφειν</em></strong></span> 
     </span>
     <span class='ocr_line' id='line_1_14' title="bbox 204 1515 2443 1617; baseline -0.001 -21"><span class='ocrx_word' id='word_1_97' title='bbox 204 1528 274 1596; x_wconf 85' lang='grc' dir='ltr'><strong><em>ἐκ</em></strong></span> <span class='ocrx_word' id='word_1_98' title='bbox 320 1533 529 1617; x_wconf 81' lang='grc' dir='ltr'><strong><em>μέσης</em></strong></span> <span class='ocrx_word' id='word_1_99' title='bbox 571 1531 689 1617; x_wconf 88' lang='grc' dir='ltr'><strong><em>τῆς</em></strong></span> <span class='ocrx_word' id='word_1_100' title='bbox 734 1525 917 1596; x_wconf 79' lang='grc' dir='ltr'><strong><em>ὃδοῦ.</em></strong></span> <span class='ocrx_word' id='word_1_101' title='bbox 1012 1537 1108 1598; x_wconf 84' lang='grc'><strong><em>19.</em></strong></span> <span class='ocrx_word' id='word_1_102' title='bbox 1158 1523 1343 1597; x_wconf 81' lang='grc' dir='ltr'><strong><em>οὗτοι</em></strong></span> <span class='ocrx_word' id='word_1_103' title='bbox 1387 1530 1509 1613; x_wconf 81' lang='grc' dir='ltr'><strong><em>μὲν</em></strong></span> <span class='ocrx_word' id='word_1_104' title='bbox 1554 1516 1668 1596; x_wconf 67' lang='grc' dir='ltr'><strong><em>οὖν</em></strong></span> <span class='ocrx_word' id='word_1_105' title='bbox 1699 1515 1869 1617; x_wconf 73' lang='grc' dir='ltr'><strong><em>ἦσαν</em></strong></span> <span class='ocrx_word' id='word_1_106' title='bbox 1904 1532 1967 1597; x_wconf 81' lang='grc' dir='ltr'><strong><em>οἱ</em></strong></span> <span class='ocrx_word' id='word_1_107' title='bbox 2001 1524 2443 1617; x_wconf 78' lang='grc' dir='ltr'><strong><em>ἆξιολογώ-19</em></strong></span> 
     </span>
     <span class='ocr_line' id='line_1_15' title="bbox 202 1627 2360 1717; baseline 0.001 -19"><span class='ocrx_word' id='word_1_108' title='bbox 202 1657 402 1698; x_wconf 90' lang='grc' dir='ltr'><strong><em>τατοι</em></strong></span> <span class='ocrx_word' id='word_1_109' title='bbox 432 1635 563 1696; x_wconf 79' lang='grc' dir='ltr'><strong><em>τῶν</em></strong></span> <span class='ocrx_word' id='word_1_110' title='bbox 593 1631 969 1717; x_wconf 88' lang='grc' dir='ltr'><strong><em>παρόντων.</em></strong></span> <span class='ocrx_word' id='word_1_111' title='bbox 1060 1635 1307 1716; x_wconf 79' lang='grc' dir='ltr'><strong><em>τιμῶσι</em></strong></span> <span class='ocrx_word' id='word_1_112' title='bbox 1339 1632 1411 1698; x_wconf 82' lang='grc' dir='ltr'><strong><em>δὲ</em></strong></span> <span class='ocrx_word' id='word_1_113' title='bbox 1442 1632 1738 1715; x_wconf 87' lang='grc' dir='ltr'><strong><em>μάλιστα</em></strong></span> <span class='ocrx_word' id='word_1_114' title='bbox 1767 1629 1884 1700; x_wconf 85' lang='grc' dir='ltr'><strong><em>τὸν</em></strong></span> <span class='ocrx_word' id='word_1_115' title='bbox 1910 1627 2220 1714; x_wconf 79' lang='grc' dir='ltr'><strong><em>Ἀχιλλέα</em></strong></span> <span class='ocrx_word' id='word_1_116' title='bbox 2249 1638 2360 1701; x_wconf 90' lang='grc' dir='ltr'><strong><em>καὶ</em></strong></span> 
     </span>
     <span class='ocr_line' id='line_1_16' title="bbox 202 1729 2361 1823; baseline 0.001 -23"><span class='ocrx_word' id='word_1_117' title='bbox 202 1733 374 1818; x_wconf 84' lang='grc' dir='ltr'><strong><em>μετά</em></strong></span> <span class='ocrx_word' id='word_1_118' title='bbox 422 1738 658 1800; x_wconf 82' lang='grc' dir='ltr'><strong><em>τοῦτον</em></strong></span> <span class='ocrx_word' id='word_1_119' title='bbox 708 1739 953 1823; x_wconf 87' lang='grc' dir='ltr'><strong><em>Θησέα.</em></strong></span> <span class='ocrx_word' id='word_1_120' title='bbox 1044 1738 1204 1822; x_wconf 86' lang='grc' dir='ltr'><strong><em>περὶ</em></strong></span> <span class='ocrx_word' id='word_1_121' title='bbox 1252 1734 1322 1801; x_wconf 79' lang='grc' dir='ltr'><strong><em>δὲ</em></strong></span> <span class='ocrx_word' id='word_1_122' title='bbox 1371 1741 1728 1813; x_wconf 87' lang='grc' dir='ltr'><strong><em>συνουσίας</em></strong></span> <span class='ocrx_word' id='word_1_123' title='bbox 1771 1738 1881 1802; x_wconf 85' lang='grc' dir='ltr'><strong><em>καὶ</em></strong></span> <span class='ocrx_word' id='word_1_124' title='bbox 1942 1729 2361 1823; x_wconf 77' lang='grc' dir='ltr'><strong><em>ἀφροδισίων</em></strong></span> 
     </span>
     <span class='ocr_line' id='line_1_17' title="bbox 205 1830 2361 1925; baseline 0 -22"><span class='ocrx_word' id='word_1_125' title='bbox 205 1837 381 1903; x_wconf 76' lang='grc' dir='ltr'><strong><em>οῧτω</em></strong></span> <span class='ocrx_word' id='word_1_126' title='bbox 430 1840 786 1924; x_wconf 83' lang='grc' dir='ltr'><strong><em>φρονοῦσι·</em></strong></span> <span class='ocrx_word' id='word_1_127' title='bbox 832 1843 1188 1923; x_wconf 80' lang='grc' dir='ltr'><strong><em>μίσγονται</em></strong></span> <span class='ocrx_word' id='word_1_128' title='bbox 1230 1837 1349 1920; x_wconf 81' lang='grc' dir='ltr'><strong><em>μὲν</em></strong></span> <span class='ocrx_word' id='word_1_129' title='bbox 1397 1830 1786 1925; x_wconf 71' lang='grc' dir='ltr'><strong><em>ἀναφανδὸν</em></strong></span> <span class='ocrx_word' id='word_1_130' title='bbox 1831 1831 2104 1904; x_wconf 90' lang='grc' dir='ltr'><strong><em>πάντων</em></strong></span> <span class='ocrx_word' id='word_1_131' title='bbox 2151 1833 2361 1923; x_wconf 77' lang='grc' dir='ltr'><strong><em>δρών-</em></strong></span> 
     </span>
     <span class='ocr_line' id='line_1_18' title="bbox 203 1933 2362 2027; baseline 0.001 -23"><span class='ocrx_word' id='word_1_132' title='bbox 203 1964 338 2005; x_wconf 86' lang='grc' dir='ltr'><strong><em>των</em></strong></span> <span class='ocrx_word' id='word_1_133' title='bbox 381 1941 496 2004; x_wconf 89' lang='grc' dir='ltr'><strong><em>καὶ</em></strong></span> <span class='ocrx_word' id='word_1_134' title='bbox 538 1938 798 2021; x_wconf 84' lang='grc' dir='ltr'><strong><em>γυναιξὶ</em></strong></span> <span class='ocrx_word' id='word_1_135' title='bbox 839 1942 950 2005; x_wconf 85' lang='grc' dir='ltr'><strong><em>καὶ</em></strong></span> <span class='ocrx_word' id='word_1_136' title='bbox 1000 1934 1263 2027; x_wconf 71' lang='grc' dir='ltr'><strong><em>ἄρρεσι,</em></strong></span> <span class='ocrx_word' id='word_1_137' title='bbox 1318 1942 1430 2004; x_wconf 88' lang='grc' dir='ltr'><strong><em>καὶ</em></strong></span> <span class='ocrx_word' id='word_1_138' title='bbox 1476 1933 1787 2023; x_wconf 68' lang='grc' dir='ltr'><strong><em>οὐδαμῶς</em></strong></span> <span class='ocrx_word' id='word_1_139' title='bbox 1843 1943 2040 2006; x_wconf 81' lang='grc' dir='ltr'><strong><em>τοῦτο</em></strong></span> <span class='ocrx_word' id='word_1_140' title='bbox 2090 1938 2362 2024; x_wconf 81' lang='grc' dir='ltr'><strong><em>αἰσχρὸν</em></strong></span> 
     </span>
     <span class='ocr_line' id='line_1_19' title="bbox 202 2027 2364 2129; baseline 0 -24"><span class='ocrx_word' id='word_1_141' title='bbox 202 2033 435 2117; x_wconf 77' lang='grc' dir='ltr'><strong><em>αὐτοῖς</em></strong></span> <span class='ocrx_word' id='word_1_142' title='bbox 481 2039 690 2106; x_wconf 89' lang='grc' dir='ltr'><strong><em>δοκεῖ·</em></strong></span> <span class='ocrx_word' id='word_1_143' title='bbox 737 2038 941 2122; x_wconf 90' lang='grc' dir='ltr'><strong><em>μόνος</em></strong></span> <span class='ocrx_word' id='word_1_144' title='bbox 989 2040 1060 2106; x_wconf 79' lang='grc' dir='ltr'><strong><em>δὲ</em></strong></span> <span class='ocrx_word' id='word_1_145' title='bbox 1104 2040 1460 2129; x_wconf 80' lang='grc' dir='ltr'><strong><em>Σωκράτης</em></strong></span> <span class='ocrx_word' id='word_1_146' title='bbox 1506 2040 1836 2124; x_wconf 76' lang='grc' dir='ltr'><strong><em>διώμνυτο</em></strong></span> <span class='ocrx_word' id='word_1_147' title='bbox 1882 2027 1924 2127; x_wconf 76' lang='grc' dir='ltr'><strong><em>ἧ</em></strong></span> <span class='ocrx_word' id='word_1_148' title='bbox 1967 2038 2096 2127; x_wconf 86' lang='grc' dir='ltr'><strong><em>μὴν</em></strong></span> <span class='ocrx_word' id='word_1_149' title='bbox 2143 2045 2364 2106; x_wconf 87' lang='grc' dir='ltr'><strong><em>καθα-</em></strong></span> 
     </span>
     <span class='ocr_line' id='line_1_20' title="bbox 201 2136 2364 2229; baseline 0 -23"><span class='ocrx_word' id='word_1_150' title='bbox 201 2146 335 2225; x_wconf 77' lang='grc' dir='ltr'><strong><em>ρῶς</em></strong></span> <span class='ocrx_word' id='word_1_151' title='bbox 378 2136 777 2229; x_wconf 79' lang='grc' dir='ltr'><strong><em>πλησιάζειν</em></strong></span> <span class='ocrx_word' id='word_1_152' title='bbox 821 2156 964 2219; x_wconf 88' lang='grc' dir='ltr'><strong><em>τοῖς</em></strong></span> <span class='ocrx_word' id='word_1_153' title='bbox 1010 2147 1214 2220; x_wconf 84' lang='grc' dir='ltr'><strong><em>νέοις·</em></strong></span> <span class='ocrx_word' id='word_1_154' title='bbox 1260 2146 1371 2210; x_wconf 84' lang='grc' dir='ltr'><strong><em>καὶ</em></strong></span> <span class='ocrx_word' id='word_1_155' title='bbox 1418 2147 1647 2226; x_wconf 88' lang='grc' dir='ltr'><strong><em>μέντοι</em></strong></span> <span class='ocrx_word' id='word_1_156' title='bbox 1692 2143 1943 2219; x_wconf 89' lang='grc' dir='ltr'><strong><em>πάντες</em></strong></span> <span class='ocrx_word' id='word_1_157' title='bbox 1976 2137 2180 2210; x_wconf 77' lang='grc' dir='ltr'><strong><em>αὐτοῦ</em></strong></span> <span class='ocrx_word' id='word_1_158' title='bbox 2211 2142 2364 2208; x_wconf 85' lang='grc' dir='ltr'><strong><em>ἐπι-</em></strong></span> 
     </span>
     <span class='ocr_line' id='line_1_21' title="bbox 200 2240 2364 2333; baseline 0 -21"><span class='ocrx_word' id='word_1_159' title='bbox 200 2260 420 2333; x_wconf 89' lang='grc' dir='ltr'><strong><em>ορκεῑν</em></strong></span> <span class='ocrx_word' id='word_1_160' title='bbox 474 2251 986 2331; x_wconf 80' lang='grc' dir='ltr'><strong><em>κατεγίνωσκον·</em></strong></span> <span class='ocrx_word' id='word_1_161' title='bbox 1048 2244 1374 2324; x_wconf 87' lang='grc' dir='ltr'><strong><em>πολλάκις</em></strong></span> <span class='ocrx_word' id='word_1_162' title='bbox 1431 2251 1588 2332; x_wconf 82' lang='grc' dir='ltr'><strong><em>γοῦν</em></strong></span> <span class='ocrx_word' id='word_1_163' title='bbox 1641 2240 1685 2313; x_wconf 67' lang='grc' dir='ltr'><strong><em>’ὅ</em></strong></span> <span class='ocrx_word' id='word_1_164' title='bbox 1745 2247 1866 2330; x_wconf 82' lang='grc' dir='ltr'><strong><em>μὲν</em></strong></span> <span class='ocrx_word' id='word_1_165' title='bbox 1904 2242 2267 2324; x_wconf 67' lang='grc' dir='ltr'><strong><em>εΥάκινθος</em></strong></span> <span class='ocrx_word' id='word_1_166' title='bbox 2323 2243 2364 2332; x_wconf 83' lang='grc' dir='ltr'><em>ἢ</em></span> 
     </span>
     <span class='ocr_line' id='line_1_22' title="bbox 197 2343 2363 2437; baseline -0 -23"><span class='ocrx_word' id='word_1_167' title='bbox 197 2343 232 2414; x_wconf 80' lang='grc' dir='ltr'>ὁ</span> <span class='ocrx_word' id='word_1_168' title='bbox 284 2347 676 2436; x_wconf 90' lang='grc' dir='ltr'><strong><em>Νάρκισσος</em></strong></span> <span class='ocrx_word' id='word_1_169' title='bbox 720 2344 1137 2434; x_wconf 75' lang='grc' dir='ltr'><strong><em>ὡμολόγουν,</em></strong></span> <span class='ocrx_word' id='word_1_170' title='bbox 1198 2348 1444 2427; x_wconf 80' lang='grc' dir='ltr'><strong><em>ἐκεῖνος</em></strong></span> <span class='ocrx_word' id='word_1_171' title='bbox 1489 2350 1561 2416; x_wconf 83' lang='grc' dir='ltr'><strong><em>δὲ</em></strong></span> <span class='ocrx_word' id='word_1_172' title='bbox 1620 2347 1902 2437; x_wconf 77' lang='grc' dir='ltr'><strong><em>ἠρνεῖτο.</em></strong></span> <span class='ocrx_word' id='word_1_173' title='bbox 1995 2350 2065 2416; x_wconf 81' lang='grc' dir='ltr'><strong><em>αἱ</em></strong></span> <span class='ocrx_word' id='word_1_174' title='bbox 2123 2349 2194 2414; x_wconf 83' lang='grc' dir='ltr'><strong><em>δὲ</em></strong></span> <span class='ocrx_word' id='word_1_175' title='bbox 2249 2374 2363 2435; x_wconf 90' lang='grc' dir='ltr'><strong><em>γυ-</em></strong></span> 
     </span>
     <span class='ocr_line' id='line_1_23' title="bbox 201 2445 2360 2540; baseline 0.001 -24"><span class='ocrx_word' id='word_1_176' title='bbox 201 2455 426 2528; x_wconf 86' lang='grc' dir='ltr'><strong><em>ναῖκές</em></strong></span> <span class='ocrx_word' id='word_1_177' title='bbox 471 2450 606 2517; x_wconf 81' lang='grc' dir='ltr'><strong><em>εἰσι</em></strong></span> <span class='ocrx_word' id='word_1_178' title='bbox 649 2454 826 2518; x_wconf 78' lang='grc' dir='ltr'><strong><em>πᾶσι</em></strong></span> <span class='ocrx_word' id='word_1_179' title='bbox 868 2453 1090 2519; x_wconf 88' lang='grc' dir='ltr'><strong><em>κοιναὶ</em></strong></span> <span class='ocrx_word' id='word_1_180' title='bbox 1146 2454 1256 2518; x_wconf 83' lang='grc' dir='ltr'><strong><em>καὶ</em></strong></span> <span class='ocrx_word' id='word_1_181' title='bbox 1315 2445 1536 2529; x_wconf 74' lang='grc' dir='ltr'><strong><em>οὐδεὶς</em></strong></span> <span class='ocrx_word' id='word_1_182' title='bbox 1593 2456 1846 2540; x_wconf 90' lang='grc' dir='ltr'><strong><em>φθονεῖ</em></strong></span> <span class='ocrx_word' id='word_1_183' title='bbox 1900 2454 1997 2537; x_wconf 74' lang='grc' dir='ltr'><strong><em>τῷ</em></strong></span> <span class='ocrx_word' id='word_1_184' title='bbox 2053 2453 2360 2539; x_wconf 87' lang='grc' dir='ltr'><strong><em>πλησίον,</em></strong></span> 
     </span>
     <span class='ocr_line' id='line_1_24' title="bbox 203 2546 2362 2639; baseline 0.001 -21"><span class='ocrx_word' id='word_1_185' title='bbox 203 2546 358 2618; x_wconf 68' lang='grc' dir='ltr'><strong><em>ἀλλ’</em></strong></span> <span class='ocrx_word' id='word_1_186' title='bbox 425 2553 557 2620; x_wconf 82' lang='grc' dir='ltr'><strong><em>εἰσὶ</em></strong></span> <span class='ocrx_word' id='word_1_187' title='bbox 610 2555 772 2639; x_wconf 88' lang='grc' dir='ltr'><strong><em>περὶ</em></strong></span> <span class='ocrx_word' id='word_1_188' title='bbox 828 2557 1022 2620; x_wconf 84' lang='grc' dir='ltr'><strong><em>τοῦτο</em></strong></span> <span class='ocrx_word' id='word_1_189' title='bbox 1081 2553 1380 2638; x_wconf 89' lang='grc' dir='ltr'><strong><em>μάλιστα</em></strong></span> <span class='ocrx_word' id='word_1_190' title='bbox 1425 2549 2067 2623; x_wconf 82' lang='grc' dir='ltr'><strong><em>Πλατωνικώτατοι·</em></strong></span> <span class='ocrx_word' id='word_1_191' title='bbox 2126 2556 2237 2621; x_wconf 88' lang='grc' dir='ltr'><strong><em>καὶ</em></strong></span> <span class='ocrx_word' id='word_1_192' title='bbox 2297 2555 2362 2620; x_wconf 77' lang='grc' dir='ltr'><strong><em>οἱ</em></strong></span> 
     </span>
     <span class='ocr_line' id='line_1_25' title="bbox 204 2650 2362 2743; baseline 0 -22"><span class='ocrx_word' id='word_1_193' title='bbox 204 2657 451 2733; x_wconf 88' lang='grc' dir='ltr'><strong><em>παῖδες</em></strong></span> <span class='ocrx_word' id='word_1_194' title='bbox 498 2656 569 2721; x_wconf 84' lang='grc' dir='ltr'><strong><em>δὲ</em></strong></span> <span class='ocrx_word' id='word_1_195' title='bbox 613 2660 984 2742; x_wconf 87' lang='grc' dir='ltr'><strong><em>παρέχουσι</em></strong></span> <span class='ocrx_word' id='word_1_196' title='bbox 1027 2670 1171 2734; x_wconf 89' lang='grc' dir='ltr'><strong><em>τοῖς</em></strong></span> <span class='ocrx_word' id='word_1_197' title='bbox 1199 2659 1635 2741; x_wconf 83' lang='grc' dir='ltr'><strong><em>βουλομένοις</em></strong></span> <span class='ocrx_word' id='word_1_198' title='bbox 1668 2650 1857 2725; x_wconf 74' lang='grc' dir='ltr'><strong><em>οὐδὲν</em></strong></span> <span class='ocrx_word' id='word_1_199' title='bbox 1891 2651 2362 2743; x_wconf 76' lang='grc' dir='ltr'><strong><em>ἀντιλέγοντες.</em></strong></span> 
     </span>
     <span class='ocr_line' id='line_1_26' title="bbox 380 2748 2450 2848; baseline 0.002 -26"><span class='ocrx_word' id='word_1_200' title='bbox 380 2764 483 2825; x_wconf 82' lang='lat'><strong><em>20.</em></strong></span> <span class='ocrx_word' id='word_1_201' title='bbox 543 2755 753 2824; x_wconf 71' lang='grc' dir='ltr'><strong><em>Οὔπω</em></strong></span> <span class='ocrx_word' id='word_1_202' title='bbox 799 2759 869 2824; x_wconf 84' lang='grc' dir='ltr'><strong><em>δὲ</em></strong></span> <span class='ocrx_word' id='word_1_203' title='bbox 925 2758 1042 2825; x_wconf 83' lang='grc' dir='ltr'><strong><em>δύο</em></strong></span> <span class='ocrx_word' id='word_1_204' title='bbox 1087 2748 1128 2845; x_wconf 80' lang='grc' dir='ltr'><em>ἢ</em></span> <span class='ocrx_word' id='word_1_205' title='bbox 1173 2771 1351 2846; x_wconf 89' lang='grc' dir='ltr'><strong><em>τρεῖς</em></strong></span> <span class='ocrx_word' id='word_1_206' title='bbox 1396 2755 1636 2846; x_wconf 83' lang='grc' dir='ltr'><strong><em>ἡμέραι</em></strong></span> <span class='ocrx_word' id='word_1_207' title='bbox 1683 2758 2198 2848; x_wconf 82' lang='grc' dir='ltr'><strong><em>διεληλύθεσαν,</em></strong></span> <span class='ocrx_word' id='word_1_208' title='bbox 2251 2761 2450 2826; x_wconf 80' lang='grc' dir='ltr'><strong><em>καὶ20</em></strong></span> 
     </span>
     <span class='ocr_line' id='line_1_27' title="bbox 203 2856 2363 2951; baseline 0.001 -25"><span class='ocrx_word' id='word_1_209' title='bbox 203 2860 617 2947; x_wconf 68' lang='grc' dir='ltr'><strong><em>προσελθών</em></strong></span> <span class='ocrx_word' id='word_1_210' title='bbox 664 2859 788 2947; x_wconf 77' lang='grc' dir='ltr'><strong><em>ἐγώ</em></strong></span> <span class='ocrx_word' id='word_1_211' title='bbox 814 2858 1088 2948; x_wconf 53' lang='grc' dir='ltr'><strong><em>(Ομήρῳ</em></strong></span> <span class='ocrx_word' id='word_1_212' title='bbox 1136 2864 1232 2948; x_wconf 73' lang='grc' dir='ltr'><strong><em>τῷ</em></strong></span> <span class='ocrx_word' id='word_1_213' title='bbox 1265 2865 1535 2948; x_wconf 81' lang='grc' dir='ltr'><strong><em>ποιητῇ,</em></strong></span> <span class='ocrx_word' id='word_1_214' title='bbox 1585 2864 1822 2951; x_wconf 85' lang='grc' dir='ltr'><strong><em>σχολῆς</em></strong></span> <span class='ocrx_word' id='word_1_215' title='bbox 1857 2857 2057 2948; x_wconf 68' lang='grc' dir='ltr'><strong><em>οὔσης</em></strong></span> <span class='ocrx_word' id='word_1_216' title='bbox 2090 2856 2363 2950; x_wconf 79' lang='grc' dir='ltr'><strong><em>άμφοῖν,</em></strong></span> 
     </span>
     <span class='ocr_line' id='line_1_28' title="bbox 202 2955 2366 3051; baseline 0.001 -24"><span class='ocrx_word' id='word_1_217' title='bbox 202 2960 288 3028; x_wconf 90' lang='grc' dir='ltr'><strong><em>τά</em></strong></span> <span class='ocrx_word' id='word_1_218' title='bbox 337 2986 412 3027; x_wconf 91' lang='grc' dir='ltr'><strong><em>τε</em></strong></span> <span class='ocrx_word' id='word_1_219' title='bbox 456 2958 628 3028; x_wconf 67' lang='grc' dir='ltr'><strong><em>ἄλλα</em></strong></span> <span class='ocrx_word' id='word_1_220' title='bbox 675 2962 1152 3051; x_wconf 88' lang='grc' dir='ltr'><strong><em>ἐπυνθανόμην</em></strong></span> <span class='ocrx_word' id='word_1_221' title='bbox 1198 2966 1306 3029; x_wconf 85' lang='grc' dir='ltr'><strong><em>καὶ</em></strong></span> <span class='ocrx_word' id='word_1_222' title='bbox 1355 2955 1523 3029; x_wconf 71' lang='grc' dir='ltr'><strong><em>ὅθεν</em></strong></span> <span class='ocrx_word' id='word_1_223' title='bbox 1570 2962 1692 3051; x_wconf 79' lang='grc' dir='ltr'><strong><em>εἴη,</em></strong></span> <span class='ocrx_word' id='word_1_224' title='bbox 1741 2964 1946 3049; x_wconf 87' lang='grc' dir='ltr'><strong><em>λέγων</em></strong></span> <span class='ocrx_word' id='word_1_225' title='bbox 1991 2967 2189 3030; x_wconf 84' lang='grc' dir='ltr'><strong><em>τοῦτο</em></strong></span> <span class='ocrx_word' id='word_1_226' title='bbox 2236 2964 2366 3047; x_wconf 90' lang='grc' dir='ltr'><strong><em>μά-</em></strong></span> 
     </span>
     <span class='ocr_line' id='line_1_29' title="bbox 203 3058 2367 3154; baseline 0.001 -24"><span class='ocrx_word' id='word_1_227' title='bbox 203 3067 406 3131; x_wconf 88' lang='grc' dir='ltr'><strong><em>λιστα</em></strong></span> <span class='ocrx_word' id='word_1_228' title='bbox 451 3058 620 3149; x_wconf 74' lang='grc' dir='ltr'><strong><em>παρ’</em></strong></span> <span class='ocrx_word' id='word_1_229' title='bbox 685 3061 843 3154; x_wconf 81' lang='grc' dir='ltr'><strong><em>ἡμῖν</em></strong></span> <span class='ocrx_word' id='word_1_230' title='bbox 891 3065 1096 3132; x_wconf 83' lang='grc' dir='ltr'><strong><em>εἰσέτι</em></strong></span> <span class='ocrx_word' id='word_1_231' title='bbox 1143 3068 1255 3131; x_wconf 84' lang='grc' dir='ltr'><strong><em>νῦν</em></strong></span> <span class='ocrx_word' id='word_1_232' title='bbox 1303 3064 1678 3153; x_wconf 82' lang='grc' dir='ltr'><strong><em>ζητεῖσθαι.</em></strong></span> <span class='ocrx_word' id='word_1_233' title='bbox 1768 3062 1802 3132; x_wconf 82' lang='grc' dir='ltr'>ὁ</span> <span class='ocrx_word' id='word_1_234' title='bbox 1855 3066 1926 3131; x_wconf 80' lang='grc' dir='ltr'><strong><em>δὲ</em></strong></span> <span class='ocrx_word' id='word_1_235' title='bbox 1971 3060 2114 3133; x_wconf 74' lang='grc' dir='ltr'><strong><em>οὐδ’</em></strong></span> <span class='ocrx_word' id='word_1_236' title='bbox 2169 3060 2367 3144; x_wconf 77' lang='grc' dir='ltr'><strong><em>αὐτὸς</em></strong></span> 
     </span>
     <span class='ocr_line' id='line_1_30' title="bbox 200 3160 2364 3255; baseline 0 -22"><span class='ocrx_word' id='word_1_237' title='bbox 200 3167 325 3250; x_wconf 82' lang='grc' dir='ltr'><strong><em>μὲν</em></strong></span> <span class='ocrx_word' id='word_1_238' title='bbox 374 3160 635 3253; x_wconf 76' lang='grc' dir='ltr'><strong><em>ἀγνοεῖν</em></strong></span> <span class='ocrx_word' id='word_1_239' title='bbox 680 3166 966 3255; x_wconf 74' lang='grc' dir='ltr'><strong><em>ἔφασκεν</em></strong></span> <span class='ocrx_word' id='word_1_240' title='bbox 1025 3163 1117 3244; x_wconf 76' lang='grc' dir='ltr'><strong><em>ὥς</em></strong></span> <span class='ocrx_word' id='word_1_241' title='bbox 1177 3168 1242 3234; x_wconf 81' lang='grc' dir='ltr'><strong><em>οἱ</em></strong></span> <span class='ocrx_word' id='word_1_242' title='bbox 1298 3168 1421 3250; x_wconf 79' lang='grc' dir='ltr'><strong><em>μὲν</em></strong></span> <span class='ocrx_word' id='word_1_243' title='bbox 1465 3175 1670 3249; x_wconf 91' lang='grc' dir='ltr'><strong><em>Χῖον,</em></strong></span> <span class='ocrx_word' id='word_1_244' title='bbox 1733 3169 1798 3234; x_wconf 82' lang='grc' dir='ltr'><strong><em>οἱ</em></strong></span> <span class='ocrx_word' id='word_1_245' title='bbox 1857 3168 1928 3233; x_wconf 84' lang='grc' dir='ltr'><strong><em>δὲ</em></strong></span> <span class='ocrx_word' id='word_1_246' title='bbox 1973 3174 2364 3253; x_wconf 81' lang='grc' dir='ltr'><strong><em>Σμυρναῖον,</em></strong></span> 
     </span>
     <span class='ocr_line' id='line_1_31' title="bbox 203 3263 2366 3357; baseline 0.001 -24"><span class='ocrx_word' id='word_1_247' title='bbox 203 3270 457 3335; x_wconf 88' lang='grc' dir='ltr'><strong><em>πολλοὶ</em></strong></span> <span class='ocrx_word' id='word_1_248' title='bbox 504 3268 576 3334; x_wconf 82' lang='grc' dir='ltr'><strong><em>δὲ</em></strong></span> <span class='ocrx_word' id='word_1_249' title='bbox 620 3271 732 3335; x_wconf 89' lang='grc' dir='ltr'><strong><em>καὶ</em></strong></span> <span class='ocrx_word' id='word_1_250' title='bbox 763 3268 1204 3357; x_wconf 86' lang='grc' dir='ltr'><strong><em>Κολοφώνιον</em></strong></span> <span class='ocrx_word' id='word_1_251' title='bbox 1254 3263 1456 3336; x_wconf 71' lang='grc' dir='ltr'><strong><em>αὐτὸν</em></strong></span> <span class='ocrx_word' id='word_1_252' title='bbox 1505 3270 1904 3353; x_wconf 83' lang='grc' dir='ltr'><strong><em>νομίζουσιν.</em></strong></span> <span class='ocrx_word' id='word_1_253' title='bbox 1995 3267 2168 3336; x_wconf 84' lang='grc' dir='ltr'><strong><em>εἶναι</em></strong></span> <span class='ocrx_word' id='word_1_254' title='bbox 2211 3276 2366 3353; x_wconf 82' lang='grc' dir='ltr'><strong><em>μέν·</em></strong></span> 
     </span>
     <span class='ocr_line' id='line_1_32' title="bbox 202 3368 2368 3459; baseline 0.001 -22"><span class='ocrx_word' id='word_1_255' title='bbox 202 3397 315 3438; x_wconf 90' lang='grc' dir='ltr'><strong><em>τοι</em></strong></span> <span class='ocrx_word' id='word_1_256' title='bbox 357 3396 434 3457; x_wconf 92' lang='grc' dir='ltr'><strong><em>γε</em></strong></span> <span class='ocrx_word' id='word_1_257' title='bbox 478 3371 659 3457; x_wconf 71' lang='grc' dir='ltr'><strong><em>ἔλεγε</em></strong></span> <span class='ocrx_word' id='word_1_258' title='bbox 703 3370 1151 3456; x_wconf 88' lang='grc' dir='ltr'><strong><em>Βαβυλώνιος,</em></strong></span> <span class='ocrx_word' id='word_1_259' title='bbox 1196 3375 1310 3439; x_wconf 88' lang='grc' dir='ltr'><strong><em>καὶ</em></strong></span> <span class='ocrx_word' id='word_1_260' title='bbox 1355 3371 1545 3459; x_wconf 90' lang='grc' dir='ltr'><strong><em>παρά</em></strong></span> <span class='ocrx_word' id='word_1_261' title='bbox 1589 3397 1663 3459; x_wconf 90' lang='grc' dir='ltr'><strong><em>γε</em></strong></span> <span class='ocrx_word' id='word_1_262' title='bbox 1705 3385 1848 3450; x_wconf 89' lang='grc' dir='ltr'><strong><em>τοῖς</em></strong></span> <span class='ocrx_word' id='word_1_263' title='bbox 1891 3374 2208 3451; x_wconf 88' lang='grc' dir='ltr'><strong><em>πολίταις</em></strong></span> <span class='ocrx_word' id='word_1_264' title='bbox 2253 3368 2368 3455; x_wconf 81' lang='grc' dir='ltr'><strong><em>οὐχ</em></strong></span> 
     </span>
    </p>
   </div>
   <div class='ocr_carea' id='block_1_6' title="bbox 189 3466 2369 3563">
    <p class='ocr_par' dir='ltr' id='par_1_6' title="bbox 189 3466 2369 3563">
     <span class='ocr_line' id='line_1_33' title="bbox 189 3466 2369 3563; baseline 0.001 -22"><span class='ocrx_word' id='word_1_265' title='bbox 189 3471 530 3563; x_wconf 53' lang='grc' dir='ltr'><strong><em>(Όμηρος,</em></strong></span> <span class='ocrx_word' id='word_1_266' title='bbox 587 3466 757 3540; x_wconf 82' lang='grc' dir='ltr'><strong><em>άλλὰ</em></strong></span> <span class='ocrx_word' id='word_1_267' title='bbox 815 3474 1139 3562; x_wconf 79' lang='grc' dir='ltr'><strong><em>Τιγράνης</em></strong></span> <span class='ocrx_word' id='word_1_268' title='bbox 1184 3476 1585 3541; x_wconf 91' lang='grc' dir='ltr'><strong><em>καλεῖσθαι·</em></strong></span> <span class='ocrx_word' id='word_1_269' title='bbox 1647 3467 1921 3561; x_wconf 60' lang='grc' dir='ltr'><strong><em>ὕστερον</em></strong></span> <span class='ocrx_word' id='word_1_270' title='bbox 1968 3476 2039 3542; x_wconf 82' lang='grc' dir='ltr'><strong><em>δὲ</em></strong></span> <span class='ocrx_word' id='word_1_271' title='bbox 2085 3471 2369 3562; x_wconf 81' lang='grc' dir='ltr'><strong><em>ὁμηρεύ-</em></strong></span> 
     </span>
    </p>
   </div>
   <div class='ocr_carea' id='block_1_7' title="bbox 200 3571 2369 3973">
    <p class='ocr_par' dir='ltr' id='par_1_7' title="bbox 200 3571 2369 3973">
     <span class='ocr_line' id='line_1_34' title="bbox 205 3571 2368 3665; baseline 0.001 -23"><span class='ocrx_word' id='word_1_272' title='bbox 205 3599 332 3654; x_wconf 88' lang='grc' dir='ltr'><strong><em>σας</em></strong></span> <span class='ocrx_word' id='word_1_273' title='bbox 375 3575 568 3664; x_wconf 86' lang='grc' dir='ltr'><strong><em>παρὰ</em></strong></span> <span class='ocrx_word' id='word_1_274' title='bbox 613 3590 756 3654; x_wconf 84' lang='grc' dir='ltr'><strong><em>τοῖς</em></strong></span> <span class='ocrx_word' id='word_1_275' title='bbox 776 3576 1090 3664; x_wconf 55' lang='grc' dir='ltr'><strong><em>(Ἕλλησιν</em></strong></span> <span class='ocrx_word' id='word_1_276' title='bbox 1139 3571 1426 3654; x_wconf 78' lang='grc' dir='ltr'><strong><em>ἆλλάξαι</em></strong></span> <span class='ocrx_word' id='word_1_277' title='bbox 1454 3575 1574 3665; x_wconf 84' lang='grc' dir='ltr'><strong><em>τὴν</em></strong></span> <span class='ocrx_word' id='word_1_278' title='bbox 1605 3584 2086 3665; x_wconf 86' lang='grc' dir='ltr'><strong><em>προσηγορίαν.</em></strong></span> <span class='ocrx_word' id='word_1_279' title='bbox 2165 3578 2264 3645; x_wconf 73' lang='grc' dir='ltr'><strong><em>ἔτι</em></strong></span> <span class='ocrx_word' id='word_1_280' title='bbox 2297 3579 2368 3646; x_wconf 78' lang='grc' dir='ltr'><strong><em>δὲ</em></strong></span> 
     </span>
     <span class='ocr_line' id='line_1_35' title="bbox 200 3672 2367 3767; baseline 0.001 -22"><span class='ocrx_word' id='word_1_281' title='bbox 200 3681 317 3745; x_wconf 89' lang='grc' dir='ltr'><strong><em>καὶ</em></strong></span> <span class='ocrx_word' id='word_1_282' title='bbox 362 3681 525 3762; x_wconf 88' lang='grc' dir='ltr'><strong><em>περὶ</em></strong></span> <span class='ocrx_word' id='word_1_283' title='bbox 568 3681 698 3743; x_wconf 82' lang='grc' dir='ltr'><strong><em>τῶν</em></strong></span> <span class='ocrx_word' id='word_1_284' title='bbox 731 3672 1204 3762; x_wconf 73' lang='grc' dir='ltr'><strong><em>ἀθετουμένων</em></strong></span> <span class='ocrx_word' id='word_1_285' title='bbox 1238 3684 1479 3761; x_wconf 89' lang='grc' dir='ltr'><strong><em>στίχων</em></strong></span> <span class='ocrx_word' id='word_1_286' title='bbox 1513 3678 1898 3767; x_wconf 88' lang='grc' dir='ltr'><strong><em>ἐπηρώτων,</em></strong></span> <span class='ocrx_word' id='word_1_287' title='bbox 1945 3680 2006 3746; x_wconf 82' lang='grc' dir='ltr'><strong><em>εἰ</em></strong></span> <span class='ocrx_word' id='word_1_288' title='bbox 2037 3674 2159 3747; x_wconf 75' lang='grc' dir='ltr'><strong><em>ὑπ’</em></strong></span> <span class='ocrx_word' id='word_1_289' title='bbox 2199 3679 2367 3748; x_wconf 85' lang='grc' dir='ltr'><strong><em>ἐκεί-</em></strong></span> 
     </span>
     <span class='ocr_line' id='line_1_36' title="bbox 202 3776 2369 3869; baseline 0.001 -24"><span class='ocrx_word' id='word_1_290' title='bbox 202 3806 319 3848; x_wconf 90' lang='grc' dir='ltr'><strong><em>νου</em></strong></span> <span class='ocrx_word' id='word_1_291' title='bbox 376 3779 548 3847; x_wconf 82' lang='grc' dir='ltr'><strong><em>εἷσὶν</em></strong></span> <span class='ocrx_word' id='word_1_292' title='bbox 607 3780 1137 3866; x_wconf 84' lang='grc' dir='ltr'><strong><em>ἐγγεγραμμένοι.</em></strong></span> <span class='ocrx_word' id='word_1_293' title='bbox 1225 3784 1337 3848; x_wconf 83' lang='grc' dir='ltr'><strong><em>καὶ</em></strong></span> <span class='ocrx_word' id='word_1_294' title='bbox 1396 3779 1474 3859; x_wconf 83' lang='grc' dir='ltr'><strong><em>ὂς</em></strong></span> <span class='ocrx_word' id='word_1_295' title='bbox 1532 3780 1783 3869; x_wconf 71' lang='grc' dir='ltr'><strong><em>ἔφασκε</em></strong></span> <span class='ocrx_word' id='word_1_296' title='bbox 1843 3782 2104 3859; x_wconf 90' lang='grc' dir='ltr'><strong><em>πάντας</em></strong></span> <span class='ocrx_word' id='word_1_297' title='bbox 2167 3776 2369 3848; x_wconf 78' lang='grc' dir='ltr'><strong><em>αὐτοῦ</em></strong></span> 
     </span>
     <span class='ocr_line' id='line_1_37' title="bbox 203 3869 2368 3973; baseline 0 -23"><span class='ocrx_word' id='word_1_298' title='bbox 203 3880 397 3950; x_wconf 88' lang='grc' dir='ltr'><strong><em>εἶναι.</em></strong></span> <span class='ocrx_word' id='word_1_299' title='bbox 500 3888 981 3968; x_wconf 88' lang='grc' dir='ltr'><strong><em>κατεγίνωσκον</em></strong></span> <span class='ocrx_word' id='word_1_300' title='bbox 1043 3869 1158 3949; x_wconf 72' lang='grc' dir='ltr'><strong><em>οὖν</em></strong></span> <span class='ocrx_word' id='word_1_301' title='bbox 1215 3886 1348 3949; x_wconf 81' lang='grc' dir='ltr'><strong><em>τῶν</em></strong></span> <span class='ocrx_word' id='word_1_302' title='bbox 1411 3877 1590 3971; x_wconf 79' lang='grc' dir='ltr'><strong><em>ἀμφὶ</em></strong></span> <span class='ocrx_word' id='word_1_303' title='bbox 1644 3882 1762 3950; x_wconf 85' lang='grc' dir='ltr'><strong><em>τὸν</em></strong></span> <span class='ocrx_word' id='word_1_304' title='bbox 1818 3883 2198 3973; x_wconf 89' lang='grc' dir='ltr'><strong><em>Ζηνόδοτον</em></strong></span> <span class='ocrx_word' id='word_1_305' title='bbox 2256 3886 2368 3950; x_wconf 84' lang='grc' dir='ltr'><strong><em>καὶ</em></strong></span> 
     </span>
    </p>
   </div>
   <div class='ocr_carea' id='block_1_8' title="bbox 192 3980 2367 4075">
    <p class='ocr_par' dir='ltr' id='par_1_8' title="bbox 192 3980 2367 4075">
     <span class='ocr_line' id='line_1_38' title="bbox 192 3980 2367 4075; baseline 0 -24"><span class='ocrx_word' id='word_1_306' title='bbox 192 3980 639 4072; x_wconf 78' lang='grc' dir='ltr'><strong><em>Ἀρίσταρχον</em></strong></span> <span class='ocrx_word' id='word_1_307' title='bbox 682 3989 1154 4072; x_wconf 78' lang='grc' dir='ltr'><strong><em>γραμματικῶν</em></strong></span> <span class='ocrx_word' id='word_1_308' title='bbox 1204 3986 1460 4075; x_wconf 84' lang='grc' dir='ltr'><strong><em>πολλὴν</em></strong></span> <span class='ocrx_word' id='word_1_309' title='bbox 1503 3984 1621 4072; x_wconf 85' lang='grc' dir='ltr'><strong><em>τὴν</em></strong></span> <span class='ocrx_word' id='word_1_310' title='bbox 1654 3990 2123 4071; x_wconf 81' lang='grc' dir='ltr'><strong><em>ψυχρολογίαν.</em></strong></span> <span class='ocrx_word' id='word_1_311' title='bbox 2216 3983 2367 4052; x_wconf 86' lang='grc' dir='ltr'><strong><em>ἐπεὶ</em></strong></span> 
     </span>
    </p>
   </div>
  </div>
 </body>
</html>
