2800 4500
470 256 550 315 86
1362 258 1736 312 ΛΟΥΚΙΑΝΟΥ

465 448 602 508 σει,·
660 423 773 503 οὓς
815 425 1060 504 καλοὺς
1104 428 1215 493 καὶ
1263 426 1559 505 δικαίους
1616 430 1724 494 καὶ
1788 428 2206 515 φιλόπαιδας
2264 424 2442 495 εἶναι
2498 433 2622 494 θέ-

465 530 702 607 λοντας
749 522 822 595 οὗ
872 542 1244 615 συγχωρεῖς,
1290 523 1459 595 καθ’
1514 527 1662 608 ἑνὸς
1708 528 1957 607 παιδὸς
2001 526 2092 608 ῶς
2134 529 2305 596 κατὰ
2353 532 2626 596 πολλῶν

461 634 656 696 κινῶν
701 631 1029 708 πολλάκις
1072 633 1183 697 καὶ
1228 626 1575 718 ἡσυχάζειν
1625 626 1741 698 οὐκ
1786 631 1911 698 ἐῶν
1955 631 2025 698 ἐν
2064 645 2214 710 ταῖς
2266 638 2625 716 τιμωρίαις

460 730 616 810 τοὺς
661 727 729 799 ἓν
774 747 922 811 ταῖς
951 737 1087 800 τῶν
1121 733 1387 800 παίδων
1416 732 1592 819 πρὸς
1622 733 1778 812 τοὺς
1808 739 2108 819 πατέρας
2140 726 2435 811 εὐνοίαις
2464 730 2626 824 ἥσυ-

457 828 681 917 χάζειν
726 829 1122 913 ἐθέλοντας,
1183 842 1405 919 καίτοι
1448 860 1522 922 γε
1567 829 1687 904 ἐπὶ
1745 850 1890 914 τοῖς
1945 836 2151 924 μηδὲν
2207 832 2625 925 ἡμαρτηκόσι

462 937 630 1026 μηδὲ
673 944 1030 1022 κειμένους.
1120 941 1230 1005 καὶ
1274 937 1404 1025 μὴν
1451 939 1524 1006 οῗ
1560 963 1634 1025 γε
1679 938 1907 1060 ‘udum'
1920 943 2033 1007 καὶ
2081 933 2479 1026 ἀχαριστίας
2525 939 2624 1007 δι-

461 1039 790 1119 κάζεσθαι
865 1039 1134 1108 διδόασι
1189 1066 1357 1106 κατα
1425 1045 1558 1107 τῶν
1621 1040 1776 1119 τοὺς
1843 1034 2185 1128 εὐεργέτας
2239 1039 2330 1129 μὴ
2392 1034 2626 1108 ἀντευ-

461 1141 858 1208 ποιούντων.
949 1168 984 1208 ο
1036 1142 1107 1208 δὲ
1152 1140 1326 1226 πρὸς
1369 1146 1466 1228 τῷ
1508 1140 1598 1231 μὴ
1648 1135 2062 1227 ἀμείβεσθαι
2099 1144 2210 1209 καὶ
2250 1135 2358 1208 επ’
2397 1135 2626 1221 αυτοῖς

463 1243 567 1322 οἷς
613 1269 681 1310 ευ
727 1249 1045 1311 πέπονθε
1087 1244 1388 1325 κολάζειν
1436 1238 1662 1323 ἀξιῶν,
1711 1249 2067 1331 σκέψασθε
2112 1245 2179 1312 εἴ
2216 1271 2371 1311 τινα
2413 1241 2622 1332 ὓπερ·

461 1344 664 1435 βολὴν
712 1340 975 1424 ἀδικίας
1022 1340 1498 1415 ἀπολέλοιπεν.
1593 1343 1683 1425 ῶς
1726 1348 1845 1432 μὲν
1892 1345 2006 1415 οὖν
2052 1372 2205 1414 ουτε
2250 1341 2621 1436 ἀποκηρύτ·

460 1474 601 1516 τειν
647 1448 748 1515 ἔτι
791 1448 1008 1535 τούτω
1056 1447 1311 1526 ε’ξεστιν
1358 1448 1547 1527 απαξ
1587 1443 1712 1537 ἤδη
1758 1448 1878 1538 τὴν
1931 1446 2263 1537 πατρικὴν
2308 1442 2618 1528 εξουσίαν

462 1511 1043 1639 ἀποπληρώσαντι
1087 1553 1199 1616 καὶ
1249 1555 1643 1638 χρησαμένῳ
1702 1564 1846 1629 τοῖς
1904 1550 2136 1634 νόμοις
2195 1546 2347 1617 οὔτε
2406 1546 2622 1627 ἄλλως

462 1652 749 1733 δίκαιον,
820 1645 1163 1740 εὐεργέτην
1222 1645 1295 1730 ἒς
1351 1651 1436 1718 τὰ
1502 1654 1863 1740 τηλικαῦτα
1930 1658 2357 1740 γεγενημένον
2431 1646 2621 1719 ἀπω-

459 1760 754 1821 θεῖσθαι
796 1756 905 1820 καὶ
954 1757 1073 1841 τῆς
1120 1754 1337 1833 οἰκίας
1376 1760 1896 1843 παραιτεῖσθαι,
1945 1757 2205 1836 ἱκανῶς,
2254 1752 2466 1839 οἶμαι,
2515 1756 2618 1821 δέ·

463 1856 738 1924 δεικται.

354 1964 430 2019 20
627 1965 729 2027 20.
766 1956 936 2047 Ἤδη
984 1959 1056 2025 δὲ
1098 1960 1210 2025 καὶ
1257 1953 1368 2024 ἐπ’
1425 1952 1628 2048 αὐτὴν
1675 1957 1794 2049 τὴν
1854 1960 2078 2027 αἰτίαν
2138 1960 2447 2044 ἔλθωμεν
2503 1962 2700 2047 τῆς1Π

459 2055 930 2149 ἀποκηρύξεως
985 2065 1098 2129 καὶ
1154 2059 1228 2129 τὸ
1290 2061 1579 2149 ἔγκλημα
1639 2061 2054 2144 ἐξετάσωμεν
2113 2059 2360 2129 ὁποῖόν
2418 2061 2615 2129 ἐστιν.

459 2159 700 2253 ἀνάγκη
750 2164 820 2231 δὲ
870 2151 1075 2243 αὖθις
1122 2164 1242 2230 ἐπὶ
1284 2163 1405 2253 τὴν
1447 2164 1713 2255 γνώμην
1773 2158 2181 2252 ἀναδραμεῖν
2239 2168 2359 2231 τοῦ
2420 2190 2615 2250 νομο-

455 2273 683 2335 θέτου.
770 2269 884 2334 ἵνα
927 2267 1054 2355 γάρ
1101 2291 1212 2335 σοι
1254 2271 1453 2334 τοῦτο
1500 2265 1674 2353 πρὸς
1719 2261 1945 2354 ὀλίγον
1978 2268 2213 2353 δῶμεν,
2260 2268 2335 2335 τὸ
2375 2266 2615 2347 ἐξεῖναι

456 2366 689 2449 ὁσάκις
736 2360 815 2436 ἀν
864 2370 1105 2457 ἐθέλῃς
1151 2364 1667 2456 ἀποκηρύττειν,
1726 2373 1838 2437 καὶ
1896 2370 2063 2436 κατά
2124 2395 2198 2457 γε
2254 2373 2377 2437 τοῦ
2436 2364 2612 2457 εὐερ-

451 2478 644 2560 γέτου
689 2478 972 2558 προσέτι
1030 2471 1150 2561 τὴν
1212 2471 1518 2550 ἐξουσίαν
1577 2473 1824 2562 ταύτην
1884 2472 2440 2562 συγχωρήσωμεν,
2502 2466 2611 2554 οὐχ

456 2572 709 2656 ἁπλῶς,
758 2573 967 2659 οἶμαι,
1015 2568 1171 2640 οὐδὲ
1213 2572 1326 2641 ἐπὶ
1350 2574 1613 2653 πάσαις
1648 2574 1900 2653 αἰτίαις
1931 2569 2393 2663 ἀποκηρύξεις.
2465 2568 2612 2641 οὐδὲ

456 2671 646 2744 τοῦθ’
699 2673 733 2744 ό
787 2681 1162 2763 νομοθέτης
1208 2683 1448 2764 φησίν,
1510 2669 1550 2743 δ’
1592 2704 1659 2744 τι
1705 2667 1788 2744 ἀν
1832 2676 1988 2765 τύχῃ
2036 2673 2070 2744 ὅ
2120 2675 2346 2798 πατὴρ
2395 2676 2612 2744 αἰτια-

453 2778 769 2862 σάμενος,
830 2773 1379 2866 ἀποκηρυττέτω,
1436 2781 1549 2845 καὶ
1597 2773 1857 2867 ἀπόχρη
1904 2781 2197 2867 θελῆσαι
2253 2777 2462 2862 μόνον
2505 2780 2612 2845 καὶ

455 2885 891 2966 μέμψασθαι.
982 2886 1050 2947 τί
1094 2879 1218 2966 γὰρ
1266 2869 1346 2945 ἂν
1393 2878 1530 2947 ε’δει
1578 2880 2043 2968 δικαστηρίου,·
2099 2873 2255 2947 ἀλλ’
2309 2873 2412 2969 ἐφ’
2462 2876 2613 2965 υμῖν

451 2996 642 3050 ποιεῖ
669 2985 884 3063 τοῦτο,
932 2968 987 3048 ῶ
1027 2977 1266 3104 άνδρες
1298 2981 1629 3063 δικασταί,
1679 2997 1952 3050 σκοπεῖν
1986 2982 2121 3049 ε’ίτε
2152 2982 2267 3050 επὶ
2299 2981 2615 3069 μεγάλοις

451 3088 565 3152 καὶ
611 3085 898 3162 δικαίοις
943 3111 981 3151 ο
1015 3083 1240 3170 πατὴρ
1272 3077 1606 3170 ὀργίζεται
1639 3085 1774 3152 είτε
1801 3089 1915 3152 καὶ
1944 3084 2057 3174 μή.
2151 3079 2388 3153 οὐκοῦν
2417 3088 2612 3152 τοῦτο

452 3184 576 3278 ἤδη
611 3187 984 3309 ἐξετάσατε.
1032 3182 1322 3274 αρξομαι
1354 3180 1487 3253 δὲ’
1451 3186 1591 3254 απὸ
1622 3191 1755 3254 τῶν
1777 3187 1945 3271 μετὰ
1970 3186 2089 3276 τὴν
2113 3195 2363 3273 μανίαν
2389 3181 2615 3263 εὐθύς.

357 3297 554 3363 2121.
599 3289 685 3357 τὰ
729 3291 849 3373 μὲν
897 3288 979 3376 δὴ
1028 3292 1268 3376 πρῶτα
1313 3292 1430 3376 τῆς
1476 3289 1912 3378 σωφροσύνης
1955 3293 2075 3358 τοῦ
2120 3287 2384 3377 πατρὸς
2432 3289 2617 3367 λύσις

449 3379 530 3479 ἦν
574 3396 692 3479 τῆς
738 3386 1226 3480 ἀποκηρύξεως,
1272 3393 1385 3458 καὶ
1432 3389 1655 3478 σωτὴρ
1702 3392 1811 3459 καὶ
1859 3385 2200 3480 ευεργέτης
2243 3393 2357 3458 καὶ
2389 3391 2618 3459 πάντα

450 3521 531 3581 ην
588 3493 732 3580 ἐγώ.
836 3497 949 3560 καὶ
1008 3486 1233 3575 οὐδέν,
1296 3490 1524 3577 οἶμαι,
1591 3493 1855 3570 τούτοις
1911 3492 2198 3583 ε’γκλημα
2254 3507 2618 3580 προσεῖναι

453 3594 748 3663 ἐδύνατο.
836 3594 921 3661 τὰ
963 3592 1133 3679 μετὰ
1176 3598 1390 3661 ταῦτα
1441 3595 1513 3661 δὲ
1560 3602 1627 3662 τί
1671 3599 1804 3662 τῶν
1849 3595 2124 3662 πάντων
2185 3594 2409 3683 αἰτιᾷς
2467 3602 2621 3663 τίνα
2750 3544 2758 3697 ἐ

451 3704 863 3786 θεραπείαν,
917 3703 1068 3764 τίνα
1115 3697 1506 3781 ἐπιμέλειαν
1551 3698 1699 3765 υἱοῦ
1745 3702 2011 3787 παρῆκα
2027 3727 2048 3781 ‚·
2108 3696 2280 3789 πότε
2325 3691 2621 3766 ἀπόκοι·
2750 3742 2756 3923 Ι

449 3827 565 3880 τος
611 3799 960 3888 ἒγενόμην;
1000 3805 1190 3878 τίνας
1219 3798 1473 3877 πότους
1516 3792 1854 3886 ἀκαίρους,
1899 3806 2090 3878 τίνας
2120 3798 2384 3882 κώμους
2427 3826 2620 3887 εγκα-

453 3906 622 3984 λεῖς,·
678 3908 781 3980 τίς
828 3894 1125 3984 ἀσωτίας
1184 3907 1290 3978 τίς
1335 3900 1796 3987 πορνοβοσκὸς
1852 3900 2201 3986 υβρισται,·
2258 3907 2364 3977 τίς
2422 3896 2622 3991 ᾐτιά-

453 4028 655 4087 σατος
713 3997 866 4071 οὐδὲ
912 4002 1024 4081 εἶς.
1113 4005 1227 4069 καὶ
1271 4002 1400 4088 μὴν
1445 3995 1624 4068 ταῦτ
1679 4002 1858 4070 ἐστὶν
1905 3997 2020 4091 ἐφ’
2084 4002 2186 4081 οἷς
2228 4001 2615 4087 μάλιστατ
2581 4035 2617 4077 ο
2748 3926 2753 4205 l
