2800 4500
2227 227 2330 283 VII

171 410 517 493 quicquam
559 405 901 489 resignem,
948 404 1064 471 sed
1107 404 1177 469 in
1205 404 1495 470 Luciano
1524 403 1672 487 plus
1702 423 1894 487 quam
1924 404 1992 467 in
2024 402 2155 468 alio
2197 401 2332 467 ullo

170 545 482 629 scriptore
527 542 911 607 divinationi
956 540 1254 607 tribuam.
1342 540 1511 605 Nam
1555 538 2094 625 quemadmodum
2139 539 2206 604 in
2244 539 2327 604 iis

171 677 588 765 scriptoribus
602 725 620 761 ,
680 698 949 762 quorum
991 677 1143 744 libri
1199 678 1502 743 continuo
1556 675 1825 742 fontium
1884 675 2107 741 ordine
2165 676 2329 742 casti

174 822 238 883 et
277 816 518 898 integri
569 814 656 879 ad
700 834 818 880 nos
873 818 1323 898 pervenerunt,
1363 809 1637 895 summa,
1683 831 1766 877 ne
1799 811 2001 896 plana
2044 830 2122 877 ac
2165 830 2329 877 sana

169 951 528 1034 turbemus,
592 950 824 1034 religio
878 956 975 1016 est
1029 948 1431 1031 adhibenda,
1500 949 1593 1014 sic
1649 949 1912 1014 minime
1965 946 2330 1032 spernenda

167 1093 266 1152 est
312 1086 732 1152 divinationis
775 1086 892 1150 lux
938 1091 1002 1151 et
1048 1083 1443 1169 praesidium
1500 1084 1570 1148 in
1625 1084 1726 1167 iis,
1773 1103 2042 1169 quorum
2087 1083 2328 1167 scripta

167 1222 309 1289 sive
353 1229 712 1308 temporum
755 1223 995 1289 iniuria
1039 1222 1178 1288 sive
1220 1222 1549 1287 hominum
1593 1221 1698 1287 vel
1743 1239 1960 1286 amore
2016 1220 2121 1286 vel
2179 1219 2327 1286 odio

169 1358 527 1444 depravata
571 1365 637 1426 et
680 1364 981 1444 corrupta
1023 1364 1172 1425 sunt
1216 1363 1286 1423 ut
1329 1357 1623 1423 Luciani.

340 1494 489 1560 Non
533 1515 660 1579 quo
705 1495 1212 1561 coniecturarum
1245 1513 1367 1579 ope
1396 1493 1708 1559 bonorum
1747 1492 2040 1558 codicum
2086 1492 2324 1557 damna

165 1631 426 1696 omnino
484 1631 797 1699 resarcire
851 1632 1169 1716 possimus
1185 1679 1202 1713 ‚
1258 1630 1376 1698 sed
1428 1650 1572 1697 eam
1626 1630 2026 1715 potissimum
2082 1628 2326 1695 habent

166 1766 529 1850 utilitatem,
579 1773 651 1833 ut
680 1769 951 1835 vulnera
982 1768 1185 1852 digito
1219 1768 1466 1833 intento
1512 1766 1875 1852 aperientes
1919 1766 2115 1833 etiam
2159 1765 2324 1833 alios

164 1910 643 1987 commoneant,
691 1906 803 1989 qui
848 1905 1085 1972 iunctis
1127 1904 1376 1972 viribus
1418 1903 1500 1970 iis
1543 1902 1788 1969 mederi
1831 1901 2152 1968 studeant.
2240 1902 2324 1968 Et

162 2036 451 2120 profecto
481 2039 594 2105 vix
626 2041 970 2125 quisquam
1000 2039 1287 2124 negabit,
1318 2040 1656 2124 Madvigii,
1691 2038 1935 2122 Cobeti,
1983 2038 2319 2105 Fritzschii

164 2173 441 2257 ingenia
467 2194 668 2261 prope
695 2176 842 2261 plus
872 2178 1159 2243 Luciano
1188 2176 1523 2263 profuisse,
1563 2194 1758 2261 quam
1785 2174 2112 2251 librorum,
2160 2195 2320 2260 quos

166 2309 503 2393 habemus,
549 2314 936 2379 auctoritate
967 2313 1298 2399 hucusque
1332 2314 1631 2380 effectum
1661 2317 1776 2378 est.

341 2449 444 2513 De
488 2448 814 2516 codicibus
844 2450 915 2515 in
944 2449 1123 2515 calce
1156 2449 1409 2517 demum
1456 2449 1758 2517 editionis
1802 2449 2165 2514 accuratius
2210 2467 2322 2515 ex-

167 2601 413 2666 ponere
455 2590 807 2650 statueram
822 2584 895 2666 *),
943 2585 1059 2652 sed
1101 2585 1257 2652 data
1299 2586 1635 2652 occasione
1678 2586 1809 2651 iam
1852 2605 2021 2651 nunc
2056 2584 2138 2651 de
2170 2583 2323 2651 duo-

157 2718 284 2784 bus
329 2717 661 2785 codicibus
716 2723 848 2784 Vat.
891 2724 971 2787 87
1019 2721 1176 2799 21**)
1225 2728 1290 2788 et
1319 2726 1517 2787 Marc.
1558 2725 1683 2788 436
1712 2719 1926 2799 Ψ***)
1972 2722 2320 2806 separatim

157 2853 518 2939 disputavi.
567 2854 752 2935 Quod
779 2878 911 2923 non
938 2857 1253 2942 fecissem,
1287 2859 1435 2942 nisi,
1469 2878 1637 2943 quae
1665 2857 1927 2925 firmiter
1956 2857 2319 2925 substructa

152 2989 552 3057 videbantur
613 3012 753 3058 esse
819 2992 1240 3060 fundamenta
1255 3043 1272 3076 ,
1337 3014 1420 3060 ne
1475 3014 1703 3078 parum
1760 2999 1947 3060 caute
2004 2999 2318 3078 temptata

151 3133 551 3212 corruerent,
598 3128 943 3196 defendere
985 3150 1063 3196 ac
1107 3131 1272 3197 tueri
1318 3137 1578 3197 coactus
1621 3130 1905 3196 fuissem.

330 3485 385 3547 *)
422 3482 549 3536 Vol.
586 3484 612 3537 1
634 3482 695 3537 Ρ.
727 3484 755 3538 I
778 3500 834 3554 p.
861 3484 984 3539 VII.

292 3584 383 3646 *η
419 3582 845 3653 Philologus.
872 3584 1191 3642 Zeitschrift
1213 3586 1304 3641 fur
1326 3587 1427 3642 das
1453 3588 1749 3643 classische
1774 3587 2009 3642 Alterth.
2071 3585 2313 3640 Heraus·

142 3685 401 3754 gegeben
436 3700 545 3739 von
578 3685 708 3742 Otto
735 3686 980 3743 Crusius.
1003 3688 1073 3743 N.
1099 3688 1166 3742 F.
1223 3690 1327 3744 Bd.
1364 3688 1433 3743 V.
1492 3688 1628 3745 Heft
1647 3689 1691 3743 Ι.
1730 3692 1879 3743 1892.
1951 3686 2170 3754 „Ueber
2204 3684 2312 3738 den

142 3785 357 3841 Werth
395 3788 497 3841 der
528 3787 958 3846 Vaticanischen
991 3790 1556 3847 Lucianbandschrift
1590 3796 1674 3846 87.
1708 3790 1777 3847 21.
1814 3791 1868 3846 S.
1896 3790 2154 3844 72-83“.

253 3890 377 3952 ***)
414 3888 846 3960 Philologus.
893 3893 964 3948 N.
1012 3892 1076 3948 F.
1146 3895 1248 3949 Bd.
1286 3894 1380 3950 VI.
1452 3892 1588 3949 Heft
1622 3893 1665 3946 1.
1719 3896 1866 3947 1893.
1939 3890 2158 3960 „Ueber
2204 3888 2309 3943 den

139 3990 586 4047 Luciam-Codex
620 3993 718 4048 der
751 3994 1280 4074 Marcusbibliothek
1314 4014 1383 4051 zu
1419 3996 1665 4063 Venedig
1701 3997 1817 4049 436.
1853 3994 1965 4047 Ψ“.
