2800 4500
479 235 558 293 96
1359 239 1730 300 Aorsslfflm·

481 405 655 491 σῷδε
707 408 984 486 πλείους
1040 403 1199 494 ἡμῖν
1264 401 1686 497 ἀναφύονται
1748 413 1867 477 τοῦ
1931 408 2232 489 κολάζειν
2298 403 2624 497 ἀφορμαί.

479 511 709 594 φέρειν
755 508 828 576 δὲ
867 503 1114 598 ἀνάγκη
1161 514 1273 579 καὶ
1315 511 1392 578 τὸ
1443 505 1907 599 ἀναφυόμενον
1953 510 2299 580 ἐκκόπτειν
2357 505 2468 579 ἀεὶ
2514 513 2623 578 καὶ
2645 523 2716 574 196

480 607 810 679 ἐπικαίειν
854 611 929 698 νὴ
976 618 1116 679 Δία
1159 612 1328 679 κατὰ
1371 612 1489 680 τὸν
1524 607 1802 695 Ἰόλεων,
1849 613 1910 680 εἰ
1952 615 2306 698 μέλλοιμεν
2351 612 2626 698 ἐπικρα-

477 711 736 801 τήσειν·
779 713 899 782 τὸν
942 714 1067 801 γὰρ
1116 708 1305 795 ἅπαξ
1343 715 1412 795 ἐς
1440 716 1525 785 τὰ
1554 721 1836 785 τοιαῦτα
1867 715 2184 802 ἐμπεσεῖν
2213 709 2628 802 ἠναγκασμέ-

481 839 593 880 νον
624 808 858 899 όμοιον
883 816 1006 905 χρὴ
1037 821 1120 905 τῇ
1149 813 1486 886 ὑποθέσει
1516 812 1625 886 ἀεὶ
1652 823 1765 887 καὶ
1792 818 1913 886 τὸν
1945 814 2147 888 αὐτὸν
2179 806 2445 901 εἶναι,
2403 844 2441 904 η
2478 841 2630 904 φει-

481 915 762 1000 δόμενον
802 923 938 985 τῶν
981 921 1273 1009 πλησίον
1319 914 1763 991 ἀπολωλέναι.
1852 914 2025 1000 όλως
2070 922 2161 1003 δέ,
2207 927 2363 988 τίνα
2393 919 2632 988 οἴεσθε

483 1011 695 1097 οἵτως
754 1047 983 1108 αγριον
1035 1013 1079 1108 ἢ
1134 1017 1459 1113 ἀνήμερον
1518 1020 1897 1111 ανθρωπον
1958 1020 2131 1091 εἶναι
2184 1049 2279 1102 ως
2331 1016 2628 1112 ήδεσθαι

480 1126 933 1209 μαστιγοῦντα
996 1128 1105 1192 καὶ
1176 1125 1485 1212 οἰμωγῶν
1551 1119 1881 1196 ἀκούοντα
1942 1129 2056 1193 καὶ
2130 1129 2636 1214 σφαττομένους

481 1220 778 1309 ὁρῶντα,
833 1226 894 1293 εἰ
936 1226 1025 1314 μὴ
1087 1226 1225 1310 ε’χοι
1281 1228 1435 1296 τινὰ
1492 1229 1782 1317 μεγάλην
1837 1232 1958 1296 τοῦ
2014 1228 2317 1308 κολάζειν
2375 1226 2637 1307 αἰτίανς

484 1326 773 1407 ποσάκις
826 1333 983 1416 γοῦν
1037 1329 1371 1416 ἐδάκρυσα
1421 1336 1962 1416 μαστιγουμένων
2023 1326 2273 1412 ἄλλων,
2343 1328 2637 1406 ποσάκις

485 1431 559 1497 δὲ
603 1436 878 1520 θρηνεῖν
920 1435 1031 1500 καὶ
1078 1426 1451 1519 ἀδύρεσθαι
1492 1432 1613 1521 τὴν
1671 1433 1958 1518 ἐμαυτοῦ
2012 1432 2210 1521 τύχην
2269 1426 2635 1517 ἀναγκάζο-

482 1559 608 1617 μαι
677 1535 881 1619 μείζω
953 1535 1229 1604 κόλασιν
1297 1530 1498 1615 αὖτός
1560 1539 1672 1604 καὶ
1735 1524 2207 1622 χρονιωτέραν
2243 1531 2638 1618 ὗπομένωνς

484 1631 678 1724 ἀνδρὶ
720 1636 846 1724 γὰρ
892 1637 1093 1725 φύσει
1131 1639 1256 1722 μὲν
1297 1633 1563 1725 ἀγαθῷ,
1611 1637 1726 1706 διὰ
1772 1639 1845 1705 δὲ
1889 1632 2174 1726 ἀνάγκην
2205 1641 2426 1723 πικρῷ
2458 1635 2637 1702 πολὺ

414 1745 454 1800 9
487 1742 607 1805 τοῦ
650 1738 1060 1819 κολάζεσθαι
1112 1740 1188 1808 τὸ
1246 1741 1546 1821 κολάζειν
1601 1740 2088 1827 χαλεπώτερον.
2178 1744 2238 1807 9.
2287 1738 2348 1806 εἰ
2404 1738 2479 1804 δὲ
2535 1738 2641 1805 δεῖ

481 1841 650 1925 μετὰ
695 1848 1079 1930 παρρησίας
1123 1843 1368 1925 εἰπεῖν,
1431 1842 1557 1931 ἐγὼ
1600 1849 1752 1927 μέν,
1812 1843 1873 1910 εἰ
1918 1844 2175 1929 αἵρεσίς
2224 1867 2345 1927 μοι
2388 1866 2638 1927 προτε-

482 1948 674 2030 θείη,
734 1943 991 2031 πότερα
1033 1944 1392 2030 βούλομαι,
1453 1940 1751 2026 κολάζειν
1795 1945 1987 2023 τινὰς
2034 1940 2280 2023 ἀδίκως
2332 1933 2375 2031 ἢ
2433 1937 2639 2021 αὐτὸς

483 2038 884 2128 ἀποθανεῖν,
929 2072 1002 2113 ευ
1047 2047 1194 2114 ἰ’στε
1237 2043 1329 2125 ώς
1374 2042 1566 2115 οὐδὲν
1607 2047 1940 2134 μελλήσας
1970 2047 2243 2135 ἑλοίμην
2274 2073 2356 2114 αν
2385 2045 2639 2112 τεθνά-

483 2173 594 2215 ναι
637 2151 892 2232 μᾶλλον
937 2140 977 2235 ἢ
1021 2149 1224 2239 μηδὲν
1271 2144 1663 2229 ἀδικοῦντας
1704 2150 2022 2230 κολάζειν.
2114 2148 2172 2216 εί
2205 2149 2278 2214 δέ
2307 2173 2411 2226 τις
2442 2153 2637 2236 φαίη,

483 2253 745 2333 Βούλει,
792 2279 844 2318 ω
896 2253 1181 2339 Φάλαρι,
1227 2253 1552 2321 τεθνάναι
1598 2246 1797 2332 αὐτὸς
1843 2247 2086 2332 ἀδίκως
2129 2242 2171 2341 ἢ
2216 2253 2495 2330 δικαίως
2522 2277 2639 2318 κο-

483 2355 702 2436 λάζειν
743 2381 901 2434 τους
944 2355 1376 2441 ἓπιβούλουςς
1431 2360 1627 2423 τοῦτο
1669 2358 2033 2445 βουλοίμην
2079 2350 2189 2422 ἷῖν·
2251 2340 2459 2433 αυθις
2501 2353 2634 2441 γὰρ

481 2454 684 2542 ὑμᾶς,
760 2484 812 2523 ω
880 2460 1173 2546 Δελφοί,
1243 2458 1656 2542 συμβούλους
1718 2460 1930 2540 καλιῦ,
1999 2458 2289 2544 πότερον
2357 2451 2637 2541 αμεινόν

485 2585 664 2628 εστιν
711 2554 955 2638 ἀδίκως
1001 2555 1382 2629 ἀποθανεῖν
1425 2589 1466 2650 η
1515 2555 1759 2640 ἀδίκως
1813 2511 2045 2642 σώζειν
2101 2558 2218 2627 τὸν
2277 2558 2639 2644 ἐπιβεβου-

485 2663 795 2745 λευκότας
854 2657 1071 2742 οὖδεὶς
1116 2657 1357 2746 ου’τως,
1417 2661 1639 2749 οἶμαι,
1698 2657 1981 2751 ἀνόητός
2025 2662 2204 2731 ἐστιν
2261 2687 2336 2740 ος
2390 2687 2508 2728 ουκ
2552 2687 2638 2728 αν

486 2764 926 2852 προτιμήσειε
972 2765 1081 2855 ζῆν
1124 2768 1379 2850 μᾶλλον
1424 2756 1466 2852 ἢ
1525 2765 1753 2846 σώζων
1806 2764 1963 2843 τοὺς
2019 2762 2303 2852 ἐχθροὺς
2359 2757 2641 2831 ἀπολω-

489 2868 692 2935 λέναι.
781 2873 1000 2934 καίτοι
1045 2867 1301 2947 πόσους
1343 2867 1469 2955 ἐγώ
1532 2871 1640 2935 καὶ
1700 2871 1833 2934 τῶν
1892 2865 2459 2955 ἐπιχειρησάντων
2516 2891 2639 2949 μοι
2658 2880 2729 2932 197

487 2973 597 3038 καὶ
655 2974 963 3059 φανερῶς
1020 2969 1464 3059 ἐληλεγμένων
1531 2966 1713 3055 ὅμως
1779 2971 2038 3053 ἔσωσα,-
2102 2969 2247 3038 οῐον
2312 2964 2642 3037 Ἄκανθον

487 3074 749 3139 τουτονὶ
794 3076 905 3140 καὶ
958 3074 1375 3161 Τιμοκράτην
1420 3077 1530 3140 καὶ
1575 3074 1947 3160 Λεωγόραν
1992 3072 2108 3139 τὸν
2167 3066 2464 3160 ἀδελφὸν
2521 3068 2643 3141 αὖ·

486 3180 638 3253 τοῦ,
696 3178 999 3254 παλαιᾶς
1044 3181 1410 3264 συνηθείας
1451 3181 1569 3264 τῆς
1627 3178 1799 3260 πρὸς
1859 3170 2100 3254 αὐτοὺς
2154 3176 2640 3263 μνημονεύσας.

386 3286 592 3351 1010.
640 3276 801 3345 ὅταν
845 3279 920 3345 δὲ
976 3281 1358 3366 βουληθῆτε
1412 3273 1661 3363 τοῦμὸν
1719 3279 1996 3361 εἰδέναι,
2055 3277 2213 3356 τοὺς
2267 3277 2642 3363 ἐσφοιτῶν-

488 3404 610 3458 τας
666 3380 764 3457 εἰς
812 3375 1221 3467 Ἀκράγαντα
1281 3381 1504 3460 ξένους
1561 3380 1936 3471 ἐρωτήσατε
1993 3374 2235 3460 ὁποῖος
2290 3379 2419 3467 ἐγὼ
2480 3383 2641 3468 περὶ

494 3475 731 3560 αὐτούς
778 3482 917 3567 εἶμι
946 3485 1055 3549 καὶ
1089 3483 1149 3549 εἷ
1182 3483 1695 3572 φιλανθρώπως
1725 3487 2201 3571 προσφέρομαι
2230 3496 2374 3562 τοῖς
2401 3491 2640 3552 καταί-

494 3608 742 3672 ρουσιν,
789 3584 863 3663 ὃς
905 3611 979 3672 γε
1021 3590 1129 3653 καὶ
1178 3587 1471 3665 σκοποὺς
1516 3585 1634 3654 ἐπὶ
1674 3590 1807 3653 τῶν
1854 3588 2138 3671 λιμένων
2173 3585 2298 3669 ἔχω
2327 3589 2443 3654 καὶ
2473 3612 2639 3654 πευ·
2760 3666 2761 3669 ¹

494 3691 740 3773 θῆνας,
820 3695 994 3767 τίνες
1069 3683 1235 3758 ὅθεν
1306 3689 1965 3772 καταπεπλεύκασιν,
2049 3685 2140 3768 ὥς
2211 3683 2359 3757 κατ’
2442 3685 2641 3770 ἀξίαν
2760 3686 2761 3741 Ῑ

455 3794 704 3876 ,τιμῶν
771 3785 1256 3877 ἀποπέμποιμι
1330 3788 1587 3870 αὐτούς.
1686 3792 1854 3860 ἔνιοι
1927 3793 2000 3859 δὲ
2072 3795 2185 3860 καὶ
2258 3790 2644 3883 ἐξεπίτηδες
2758 3874 2759 3883 ¹

497 3898 786 3981 φοιτῶσι
829 3888 1002 3981 παρ’
1056 3893 1201 3979 ἐμέ,
1263 3896 1327 3961 οἱ
1373 3894 1763 3982 σοφώτατοι
1806 3897 1937 3961 τῶν
1978 3888 2340 3983 Ἑλλήνων,
2401 3898 2513 3962 καὶ
2563 3888 2642 3961 οὗ
2757 3886 2759 3957 Ι

459 3995 817 4081 ,φεύγουσι
878 3996 1001 4083 τὴν
1069 4002 1425 4064 συνουσίαν
1491 3996 1611 4086 τὴν
1678 3996 1868 4085 ἐμήν,
1938 3989 2164 4083 ὥσπερ
2234 3989 2466 4080 ἀμέλει
2530 4000 2639 4064 καὶ

2755 4136 2757 4173 1
