<?xml version="1.0" encoding="UTF-8"?>
<!DOCTYPE html PUBLIC "-//W3C//DTD XHTML 1.0 Transitional//EN"
    "http://www.w3.org/TR/xhtml1/DTD/xhtml1-transitional.dtd">
<html xmlns="http://www.w3.org/1999/xhtml" xml:lang="en" lang="en">
 <head>
  <title>
</title>
<meta http-equiv="Content-Type" content="text/html;charset=utf-8" />
  <meta name='ocr-system' content='tesseract 3.04.00' />
  <meta name='ocr-capabilities' content='ocr_page ocr_carea ocr_par ocr_line ocrx_word'/>
</head>
<body>
  <div class='ocr_page' id='page_1' title='image "./lucianus00sommgoog/lucianus00sommgoog_0075.png"; bbox 0 0 2800 4500; ppageno 0'>
   <div class='ocr_carea' id='block_1_1' title="bbox 912 234 2345 292">
    <p class='ocr_par' dir='ltr' id='par_1_1' title="bbox 912 234 2345 292">
     <span class='ocr_line' id='line_1_1' title="bbox 912 234 2345 292; baseline -0.007 -2"><span class='ocrx_word' id='word_1_1' title='bbox 912 235 1214 290; x_wconf 79' lang='grc' dir='ltr'><strong>ΑΔΗθΟΥΣ</strong></span> <span class='ocrx_word' id='word_1_2' title='bbox 1249 235 1547 288; x_wconf 76' lang='grc' dir='ltr'><strong>ΙΣΤΟΡΙΑΣ</strong></span> <span class='ocrx_word' id='word_1_3' title='bbox 1570 236 1626 287; x_wconf 90' lang='lat' dir='ltr'><strong><em>B.</em></strong></span> <span class='ocrx_word' id='word_1_4' title='bbox 2266 234 2345 292; x_wconf 81' lang='lat'><strong><em>59</em></strong></span> 
     </span>
    </p>
   </div>
   <div class='ocr_carea' id='block_1_2' title="bbox 82 399 2436 4080">
    <p class='ocr_par' dir='ltr' id='par_1_2' title="bbox 82 399 2436 4080">
     <span class='ocr_line' id='line_1_2' title="bbox 184 399 2349 492; baseline -0 -18"><span class='ocrx_word' id='word_1_5' title='bbox 184 400 405 492; x_wconf 84' lang='grc' dir='ltr'><strong><em>ὀψίαν</em></strong></span> <span class='ocrx_word' id='word_1_6' title='bbox 453 399 929 491; x_wconf 66' lang='grc' dir='ltr'><strong><em>ἀπεβαίνομεν,</em></strong></span> <span class='ocrx_word' id='word_1_7' title='bbox 976 403 1439 492; x_wconf 69' lang='grc' dir='ltr'><strong><em>παρελθόντες</em></strong></span> <span class='ocrx_word' id='word_1_8' title='bbox 1471 404 1542 471; x_wconf 79' lang='grc' dir='ltr'><strong><em>δὲ</em></strong></span> <span class='ocrx_word' id='word_1_9' title='bbox 1575 403 1642 483; x_wconf 77' lang='grc' dir='ltr'><strong><em>ἐς</em></strong></span> <span class='ocrx_word' id='word_1_10' title='bbox 1669 403 1789 490; x_wconf 88' lang='grc' dir='ltr'><strong><em>τὴν</em></strong></span> <span class='ocrx_word' id='word_1_11' title='bbox 1821 404 2024 473; x_wconf 89' lang='grc' dir='ltr'><strong><em>πόλιν</em></strong></span> <span class='ocrx_word' id='word_1_12' title='bbox 2055 404 2349 483; x_wconf 71' lang='grc' dir='ltr'><strong><em>πολλοὺς</em></strong></span> 
     </span>
     <span class='ocr_line' id='line_1_3' title="bbox 186 502 2349 596; baseline 0 -20"><span class='ocrx_word' id='word_1_13' title='bbox 186 502 493 596; x_wconf 75' lang='grc' dir='ltr'><strong><em>ὀνείρους</em></strong></span> <span class='ocrx_word' id='word_1_14' title='bbox 547 511 659 575; x_wconf 86' lang='grc' dir='ltr'><strong><em>καὶ</em></strong></span> <span class='ocrx_word' id='word_1_15' title='bbox 720 510 1071 587; x_wconf 81' lang='grc' dir='ltr'><strong><em>ποικίλους</em></strong></span> <span class='ocrx_word' id='word_1_16' title='bbox 1128 507 1460 591; x_wconf 79' lang='grc' dir='ltr'><strong><em>ἑωρῶμεν.</em></strong></span> <span class='ocrx_word' id='word_1_17' title='bbox 1563 510 1833 593; x_wconf 85' lang='grc' dir='ltr'><strong><em>πρῶτον</em></strong></span> <span class='ocrx_word' id='word_1_18' title='bbox 1891 507 1962 573; x_wconf 87' lang='grc' dir='ltr'><strong><em>δὲ</em></strong></span> <span class='ocrx_word' id='word_1_19' title='bbox 2018 508 2349 592; x_wconf 81' lang='grc' dir='ltr'><strong><em>βούλομαι</em></strong></span> 
     </span>
     <span class='ocr_line' id='line_1_4' title="bbox 185 605 2348 700; baseline 0.001 -23"><span class='ocrx_word' id='word_1_20' title='bbox 185 614 349 695; x_wconf 84' lang='grc' dir='ltr'><strong><em>περὶ</em></strong></span> <span class='ocrx_word' id='word_1_21' title='bbox 395 615 517 700; x_wconf 86' lang='grc' dir='ltr'><strong><em>τῆς</em></strong></span> <span class='ocrx_word' id='word_1_22' title='bbox 560 611 826 689; x_wconf 91' lang='grc' dir='ltr'><strong><em>πόλεως</em></strong></span> <span class='ocrx_word' id='word_1_23' title='bbox 872 610 1110 691; x_wconf 84' lang='grc' dir='ltr'><strong><em>εἰπεῖν,</em></strong></span> <span class='ocrx_word' id='word_1_24' title='bbox 1166 609 1316 679; x_wconf 80' lang='grc' dir='ltr'><strong><em>ἐπεὶ</em></strong></span> <span class='ocrx_word' id='word_1_25' title='bbox 1361 610 1529 697; x_wconf 78' lang='grc' dir='ltr'><strong><em>μηδὲ</em></strong></span> <span class='ocrx_word' id='word_1_26' title='bbox 1575 605 1756 696; x_wconf 73' lang='grc' dir='ltr'><strong><em>ἄλλῳ</em></strong></span> <span class='ocrx_word' id='word_1_27' title='bbox 1801 614 1931 678; x_wconf 81' lang='grc' dir='ltr'><strong><em>τινὶ</em></strong></span> <span class='ocrx_word' id='word_1_28' title='bbox 1979 616 2348 697; x_wconf 87' lang='grc' dir='ltr'><strong><em>γέγραπται</em></strong></span> 
     </span>
     <span class='ocr_line' id='line_1_5' title="bbox 184 705 2345 801; baseline 0 -21"><span class='ocrx_word' id='word_1_29' title='bbox 184 717 350 800; x_wconf 85' lang='grc' dir='ltr'><strong><em>περὶ</em></strong></span> <span class='ocrx_word' id='word_1_30' title='bbox 401 708 626 799; x_wconf 75' lang='grc' dir='ltr'><strong><em>αὐτῆς,</em></strong></span> <span class='ocrx_word' id='word_1_31' title='bbox 674 713 749 793; x_wconf 81' lang='grc' dir='ltr'><strong><em>ὃς</em></strong></span> <span class='ocrx_word' id='word_1_32' title='bbox 780 715 851 781; x_wconf 78' lang='grc' dir='ltr'><strong><em>δὲ</em></strong></span> <span class='ocrx_word' id='word_1_33' title='bbox 882 717 992 781; x_wconf 88' lang='grc' dir='ltr'><strong><em>καὶ</em></strong></span> <span class='ocrx_word' id='word_1_34' title='bbox 1023 713 1228 797; x_wconf 80' lang='grc' dir='ltr'><strong><em>μόνος</em></strong></span> <span class='ocrx_word' id='word_1_35' title='bbox 1273 712 1666 801; x_wconf 71' lang='grc' dir='ltr'><strong><em>ἐπεμνήσθη</em></strong></span> <span class='ocrx_word' id='word_1_36' title='bbox 1696 705 2008 801; x_wconf 53' lang='grc' dir='ltr'><strong><em>(Όμηρος,</em></strong></span> <span class='ocrx_word' id='word_1_37' title='bbox 2058 707 2132 779; x_wconf 78' lang='grc' dir='ltr'><strong><em>οὗ</em></strong></span> <span class='ocrx_word' id='word_1_38' title='bbox 2166 707 2345 780; x_wconf 89' lang='grc' dir='ltr'><strong><em>πάνυ</em></strong></span> 
     </span>
     <span class='ocr_line' id='line_1_6' title="bbox 185 810 2434 905; baseline -0 -22"><span class='ocrx_word' id='word_1_39' title='bbox 185 812 484 902; x_wconf 78' lang='grc' dir='ltr'><strong><em>ἀκριβῶς</em></strong></span> <span class='ocrx_word' id='word_1_40' title='bbox 541 821 934 903; x_wconf 82' lang='grc' dir='ltr'><strong><em>συνέγραψε.</em></strong></span> <span class='ocrx_word' id='word_1_41' title='bbox 1027 822 1127 884; x_wconf 88' lang='grc'><strong><em>33.</em></strong></span> <span class='ocrx_word' id='word_1_42' title='bbox 1180 815 1393 902; x_wconf 80' lang='grc' dir='ltr'><strong><em>κύκλῳ</em></strong></span> <span class='ocrx_word' id='word_1_43' title='bbox 1451 816 1573 899; x_wconf 78' lang='grc' dir='ltr'><strong><em>μὲν</em></strong></span> <span class='ocrx_word' id='word_1_44' title='bbox 1631 819 1791 902; x_wconf 85' lang='grc' dir='ltr'><strong><em>περὶ</em></strong></span> <span class='ocrx_word' id='word_1_45' title='bbox 1850 819 2080 882; x_wconf 82' lang='grc' dir='ltr'><strong><em>πᾶσαν</em></strong></span> <span class='ocrx_word' id='word_1_46' title='bbox 2138 810 2434 905; x_wconf 64' lang='grc' dir='ltr'><strong><em>αὐτήνω</em></strong></span> 
     </span>
     <span class='ocr_line' id='line_1_7' title="bbox 180 913 2346 1008; baseline -0.001 -22"><span class='ocrx_word' id='word_1_47' title='bbox 180 914 308 1008; x_wconf 72' lang='grc' dir='ltr'><strong><em>ῧλη</em></strong></span> <span class='ocrx_word' id='word_1_48' title='bbox 371 913 721 1007; x_wconf 74' lang='grc' dir='ltr'><strong><em>ἀνέστηκε,</em></strong></span> <span class='ocrx_word' id='word_1_49' title='bbox 787 916 872 985; x_wconf 82' lang='grc' dir='ltr'><strong><em>τὰ</em></strong></span> <span class='ocrx_word' id='word_1_50' title='bbox 932 917 1171 1003; x_wconf 89' lang='grc' dir='ltr'><strong><em>δένδρα</em></strong></span> <span class='ocrx_word' id='word_1_51' title='bbox 1229 916 1303 983; x_wconf 90' lang='grc' dir='ltr'><strong><em>δέ</em></strong></span> <span class='ocrx_word' id='word_1_52' title='bbox 1359 916 1504 985; x_wconf 83' lang='grc' dir='ltr'><strong><em>ἐστι</em></strong></span> <span class='ocrx_word' id='word_1_53' title='bbox 1567 919 1865 1007; x_wconf 85' lang='grc' dir='ltr'><strong><em>μήκωνες</em></strong></span> <span class='ocrx_word' id='word_1_54' title='bbox 1921 915 2174 1005; x_wconf 71' lang='grc' dir='ltr'><strong><em>ὑψηλαὶ</em></strong></span> <span class='ocrx_word' id='word_1_55' title='bbox 2233 921 2346 985; x_wconf 84' lang='grc' dir='ltr'><strong><em>καὶ</em></strong></span> 
     </span>
     <span class='ocr_line' id='line_1_8' title="bbox 182 1014 2345 1111; baseline -0.001 -22"><span class='ocrx_word' id='word_1_56' title='bbox 182 1021 654 1108; x_wconf 79' lang='grc' dir='ltr'><strong><em>μανδραγόραι</em></strong></span> <span class='ocrx_word' id='word_1_57' title='bbox 697 1023 808 1087; x_wconf 85' lang='grc' dir='ltr'><strong><em>καὶ</em></strong></span> <span class='ocrx_word' id='word_1_58' title='bbox 855 1014 970 1086; x_wconf 72' lang='grc' dir='ltr'><strong><em>ἐπ’</em></strong></span> <span class='ocrx_word' id='word_1_59' title='bbox 1026 1014 1239 1087; x_wconf 71' lang='grc' dir='ltr'><strong><em>αὐτῶν</em></strong></span> <span class='ocrx_word' id='word_1_60' title='bbox 1284 1019 1460 1087; x_wconf 83' lang='grc' dir='ltr'><strong><em>πολύ</em></strong></span> <span class='ocrx_word' id='word_1_61' title='bbox 1491 1047 1556 1087; x_wconf 88' lang='grc' dir='ltr'><strong><em>τι</em></strong></span> <span class='ocrx_word' id='word_1_62' title='bbox 1602 1023 1874 1111; x_wconf 75' lang='grc' dir='ltr'><strong><em>πλῆθος</em></strong></span> <span class='ocrx_word' id='word_1_63' title='bbox 1917 1021 2345 1106; x_wconf 82' lang='grc' dir='ltr'><strong><em>νυκτερίδων·</em></strong></span> 
     </span>
     <span class='ocr_line' id='line_1_9' title="bbox 181 1117 2346 1212; baseline 0 -22"><span class='ocrx_word' id='word_1_64' title='bbox 181 1130 387 1192; x_wconf 84' lang='grc' dir='ltr'><strong><em>τοῦτο</em></strong></span> <span class='ocrx_word' id='word_1_65' title='bbox 434 1123 562 1212; x_wconf 76' lang='grc' dir='ltr'><strong><em>γὰρ</em></strong></span> <span class='ocrx_word' id='word_1_66' title='bbox 607 1117 811 1207; x_wconf 87' lang='grc' dir='ltr'><strong><em>μόνον</em></strong></span> <span class='ocrx_word' id='word_1_67' title='bbox 857 1121 925 1189; x_wconf 75' lang='grc' dir='ltr'><strong><em>ἐν</em></strong></span> <span class='ocrx_word' id='word_1_68' title='bbox 955 1126 1038 1211; x_wconf 87' lang='grc' dir='ltr'><strong><em>τῇ</em></strong></span> <span class='ocrx_word' id='word_1_69' title='bbox 1069 1122 1248 1209; x_wconf 78' lang='grc' dir='ltr'><strong><em>νήσῳ</em></strong></span> <span class='ocrx_word' id='word_1_70' title='bbox 1292 1129 1548 1208; x_wconf 87' lang='grc' dir='ltr'><strong><em>γίνεται</em></strong></span> <span class='ocrx_word' id='word_1_71' title='bbox 1594 1119 1843 1207; x_wconf 76' lang='grc' dir='ltr'><strong><em>ὄρνεον.</em></strong></span> <span class='ocrx_word' id='word_1_72' title='bbox 1933 1123 2243 1207; x_wconf 88' lang='grc' dir='ltr'><strong><em>ποταμὸς</em></strong></span> <span class='ocrx_word' id='word_1_73' title='bbox 2275 1123 2346 1190; x_wconf 81' lang='grc' dir='ltr'><strong><em>δὲ</em></strong></span> 
     </span>
     <span class='ocr_line' id='line_1_10' title="bbox 183 1217 2345 1314; baseline 0.001 -23"><span class='ocrx_word' id='word_1_74' title='bbox 183 1240 532 1313; x_wconf 88' lang='grc' dir='ltr'><strong><em>παραρρεῖ</em></strong></span> <span class='ocrx_word' id='word_1_75' title='bbox 582 1228 870 1314; x_wconf 84' lang='grc' dir='ltr'><strong><em>πλησίον</em></strong></span> <span class='ocrx_word' id='word_1_76' title='bbox 917 1221 951 1292; x_wconf 82' lang='grc' dir='ltr'><em>ὃ</em></span> <span class='ocrx_word' id='word_1_77' title='bbox 1000 1219 1123 1291; x_wconf 71' lang='grc' dir='ltr'><strong><em>ὕπ’</em></strong></span> <span class='ocrx_word' id='word_1_78' title='bbox 1180 1217 1393 1291; x_wconf 73' lang='grc' dir='ltr'><strong><em>αἰτῶν</em></strong></span> <span class='ocrx_word' id='word_1_79' title='bbox 1451 1226 1855 1309; x_wconf 86' lang='grc' dir='ltr'><strong><em>καλούμενος</em></strong></span> <span class='ocrx_word' id='word_1_80' title='bbox 1901 1233 2345 1312; x_wconf 86' lang='grc' dir='ltr'><strong><em>Νυκτίπορος,</em></strong></span> 
     </span>
     <span class='ocr_line' id='line_1_11' title="bbox 180 1325 2346 1416; baseline 0 -22"><span class='ocrx_word' id='word_1_81' title='bbox 180 1332 299 1395; x_wconf 85' lang='grc' dir='ltr'><strong><em>καὶ</em></strong></span> <span class='ocrx_word' id='word_1_82' title='bbox 333 1331 549 1416; x_wconf 83' lang='grc' dir='ltr'><strong><em>πηγαὶ</em></strong></span> <span class='ocrx_word' id='word_1_83' title='bbox 582 1327 699 1394; x_wconf 80' lang='grc' dir='ltr'><strong><em>δύο</em></strong></span> <span class='ocrx_word' id='word_1_84' title='bbox 732 1325 919 1415; x_wconf 81' lang='grc' dir='ltr'><strong><em>παρὰ</em></strong></span> <span class='ocrx_word' id='word_1_85' title='bbox 957 1325 1081 1405; x_wconf 81' lang='grc' dir='ltr'><strong><em>τὰς</em></strong></span> <span class='ocrx_word' id='word_1_86' title='bbox 1124 1326 1376 1404; x_wconf 80' lang='grc' dir='ltr'><strong><em>πύλας·</em></strong></span> <span class='ocrx_word' id='word_1_87' title='bbox 1425 1325 1725 1411; x_wconf 84' lang='grc' dir='ltr'><strong><em>ὀνόματα</em></strong></span> <span class='ocrx_word' id='word_1_88' title='bbox 1769 1331 1878 1394; x_wconf 81' lang='grc' dir='ltr'><strong><em>καὶ</em></strong></span> <span class='ocrx_word' id='word_1_89' title='bbox 1924 1329 2220 1410; x_wconf 73' lang='grc' dir='ltr'><strong><em>ταύταις,</em></strong></span> <span class='ocrx_word' id='word_1_90' title='bbox 2266 1337 2346 1416; x_wconf 80' lang='grc' dir='ltr'><strong><em>τῇ</em></strong></span> 
     </span>
     <span class='ocr_line' id='line_1_12' title="bbox 182 1428 2347 1520; baseline 0.002 -24"><span class='ocrx_word' id='word_1_91' title='bbox 182 1432 308 1514; x_wconf 82' lang='grc' dir='ltr'><strong><em>μὲν</em></strong></span> <span class='ocrx_word' id='word_1_92' title='bbox 356 1429 714 1517; x_wconf 79' lang='grc' dir='ltr'><strong><em>Νήγρετος,</em></strong></span> <span class='ocrx_word' id='word_1_93' title='bbox 760 1434 842 1517; x_wconf 82' lang='grc' dir='ltr'><strong><em>τῇ</em></strong></span> <span class='ocrx_word' id='word_1_94' title='bbox 890 1430 960 1495; x_wconf 81' lang='grc' dir='ltr'><strong><em>δὲ</em></strong></span> <span class='ocrx_word' id='word_1_95' title='bbox 990 1436 1354 1512; x_wconf 82' lang='grc' dir='ltr'><strong><em>Παννυχία.</em></strong></span> <span class='ocrx_word' id='word_1_96' title='bbox 1447 1428 1481 1496; x_wconf 84' lang='grc' dir='ltr'>ὁ</span> <span class='ocrx_word' id='word_1_97' title='bbox 1532 1433 1893 1515; x_wconf 89' lang='grc' dir='ltr'><strong><em>περίβολος</em></strong></span> <span class='ocrx_word' id='word_1_98' title='bbox 1939 1432 2009 1498; x_wconf 81' lang='grc' dir='ltr'><strong><em>δὲ</em></strong></span> <span class='ocrx_word' id='word_1_99' title='bbox 2054 1438 2171 1520; x_wconf 77' lang='grc' dir='ltr'><strong><em>τῆς</em></strong></span> <span class='ocrx_word' id='word_1_100' title='bbox 2214 1434 2347 1501; x_wconf 84' lang='grc' dir='ltr'><strong><em>πό·-</em></strong></span> 
     </span>
     <span class='ocr_line' id='line_1_13' title="bbox 184 1530 2346 1621; baseline 0.002 -23"><span class='ocrx_word' id='word_1_101' title='bbox 184 1535 357 1611; x_wconf 87' lang='grc' dir='ltr'><strong><em>λεως</em></strong></span> <span class='ocrx_word' id='word_1_102' title='bbox 400 1530 665 1621; x_wconf 77' lang='grc' dir='ltr'><strong><em>ὑψηλός</em></strong></span> <span class='ocrx_word' id='word_1_103' title='bbox 708 1558 781 1599; x_wconf 90' lang='grc' dir='ltr'><strong><em>τε</em></strong></span> <span class='ocrx_word' id='word_1_104' title='bbox 825 1536 935 1600; x_wconf 87' lang='grc' dir='ltr'><strong><em>καὶ</em></strong></span> <span class='ocrx_word' id='word_1_105' title='bbox 983 1534 1321 1613; x_wconf 83' lang='grc' dir='ltr'><strong><em>ποικίλος,</em></strong></span> <span class='ocrx_word' id='word_1_106' title='bbox 1380 1532 1551 1619; x_wconf 73' lang='grc' dir='ltr'><strong><em>ἰ’ριδι</em></strong></span> <span class='ocrx_word' id='word_1_107' title='bbox 1596 1533 1715 1620; x_wconf 87' lang='grc' dir='ltr'><strong><em>τὴν</em></strong></span> <span class='ocrx_word' id='word_1_108' title='bbox 1762 1534 1970 1619; x_wconf 84' lang='grc' dir='ltr'><strong><em>χρόαν</em></strong></span> <span class='ocrx_word' id='word_1_109' title='bbox 2026 1532 2346 1619; x_wconf 77' lang='grc' dir='ltr'><strong><em>ὁμοιότα-</em></strong></span> 
     </span>
     <span class='ocr_line' id='line_1_14' title="bbox 182 1628 2346 1727; baseline 0.002 -27"><span class='ocrx_word' id='word_1_110' title='bbox 182 1661 320 1714; x_wconf 90' lang='grc' dir='ltr'><strong><em>τος.</em></strong></span> <span class='ocrx_word' id='word_1_111' title='bbox 414 1635 627 1702; x_wconf 85' lang='grc' dir='ltr'><strong><em>πύλαι</em></strong></span> <span class='ocrx_word' id='word_1_112' title='bbox 668 1640 894 1719; x_wconf 91' lang='grc' dir='ltr'><strong><em>μέντοι</em></strong></span> <span class='ocrx_word' id='word_1_113' title='bbox 942 1633 1205 1703; x_wconf 69' lang='grc' dir='ltr'><strong><em>ἔπεισιν</em></strong></span> <span class='ocrx_word' id='word_1_114' title='bbox 1251 1628 1328 1701; x_wconf 78' lang='grc' dir='ltr'><strong><em>οὗ</em></strong></span> <span class='ocrx_word' id='word_1_115' title='bbox 1375 1634 1515 1717; x_wconf 77' lang='grc' dir='ltr'><strong><em>δύο,</em></strong></span> <span class='ocrx_word' id='word_1_116' title='bbox 1561 1636 1880 1724; x_wconf 71' lang='grc' dir='ltr'><strong><em>καθάπερ</em></strong></span> <span class='ocrx_word' id='word_1_117' title='bbox 1911 1630 2203 1727; x_wconf 83' lang='grc' dir='ltr'><strong><em>Ὅμηρος</em></strong></span> <span class='ocrx_word' id='word_1_118' title='bbox 2250 1639 2346 1706; x_wconf 77' lang='grc' dir='ltr'><strong><em>ε’ί-</em></strong></span> 
     </span>
     <span class='ocr_line' id='line_1_15' title="bbox 185 1732 2348 1828; baseline 0.001 -23"><span class='ocrx_word' id='word_1_119' title='bbox 185 1764 416 1828; x_wconf 89' lang='grc' dir='ltr'><strong><em>ρηκεν,</em></strong></span> <span class='ocrx_word' id='word_1_120' title='bbox 486 1732 658 1806; x_wconf 75' lang='grc' dir='ltr'><strong><em>ἀλλὰ</em></strong></span> <span class='ocrx_word' id='word_1_121' title='bbox 712 1743 1053 1824; x_wconf 86' lang='grc' dir='ltr'><strong><em>τέτταρες,</em></strong></span> <span class='ocrx_word' id='word_1_122' title='bbox 1119 1737 1236 1803; x_wconf 86' lang='grc' dir='ltr'><strong><em>δύο</em></strong></span> <span class='ocrx_word' id='word_1_123' title='bbox 1296 1738 1418 1821; x_wconf 82' lang='grc' dir='ltr'><strong><em>μὲν</em></strong></span> <span class='ocrx_word' id='word_1_124' title='bbox 1477 1737 1651 1822; x_wconf 84' lang='grc' dir='ltr'><strong><em>πρὸς</em></strong></span> <span class='ocrx_word' id='word_1_125' title='bbox 1707 1738 1783 1805; x_wconf 83' lang='grc' dir='ltr'><strong><em>τὸ</em></strong></span> <span class='ocrx_word' id='word_1_126' title='bbox 1843 1743 1961 1825; x_wconf 78' lang='grc' dir='ltr'><strong><em>τῆς</em></strong></span> <span class='ocrx_word' id='word_1_127' title='bbox 2017 1742 2348 1819; x_wconf 88' lang='grc' dir='ltr'><strong><em>Βλακείας</em></strong></span> 
     </span>
     <span class='ocr_line' id='line_1_16' title="bbox 82 1834 2346 1931; baseline 0.001 -23"><span class='ocrx_word' id='word_1_128' title='bbox 82 1842 432 1909; x_wconf 79' lang='grc' dir='ltr'><strong><em>129πεδίον</em></strong></span> <span class='ocrx_word' id='word_1_129' title='bbox 491 1834 1043 1925; x_wconf 73' lang='grc' dir='ltr'><strong><em>ἀποβλέπουσαι,</em></strong></span> <span class='ocrx_word' id='word_1_130' title='bbox 1102 1836 1140 1928; x_wconf 81' lang='grc' dir='ltr'>ἡ</span> <span class='ocrx_word' id='word_1_131' title='bbox 1198 1840 1319 1923; x_wconf 81' lang='grc' dir='ltr'><strong><em>μὲν</em></strong></span> <span class='ocrx_word' id='word_1_132' title='bbox 1379 1841 1654 1930; x_wconf 81' lang='grc' dir='ltr'><strong><em>σιδηρᾶ,</em></strong></span> <span class='ocrx_word' id='word_1_133' title='bbox 1713 1841 1750 1931; x_wconf 84' lang='grc' dir='ltr'>ἡ</span> <span class='ocrx_word' id='word_1_134' title='bbox 1800 1841 1872 1907; x_wconf 84' lang='grc' dir='ltr'><strong><em>δὲ</em></strong></span> <span class='ocrx_word' id='word_1_135' title='bbox 1931 1842 1999 1909; x_wconf 76' lang='grc' dir='ltr'><strong><em>ἐκ</em></strong></span> <span class='ocrx_word' id='word_1_136' title='bbox 2056 1843 2346 1929; x_wconf 84' lang='grc' dir='ltr'><strong><em>κεράμου</em></strong></span> 
     </span>
     <span class='ocr_line' id='line_1_17' title="bbox 187 1937 2349 2033; baseline 0.001 -23"><span class='ocrx_word' id='word_1_137' title='bbox 187 1948 652 2033; x_wconf 85' lang='grc' dir='ltr'><strong><em>πεποιημένη,</em></strong></span> <span class='ocrx_word' id='word_1_138' title='bbox 709 1937 874 2010; x_wconf 75' lang='grc' dir='ltr'><strong><em>καθ’</em></strong></span> <span class='ocrx_word' id='word_1_139' title='bbox 941 1942 1021 2021; x_wconf 77' lang='grc' dir='ltr'><strong><em>ἃς</em></strong></span> <span class='ocrx_word' id='word_1_140' title='bbox 1079 1942 1381 2029; x_wconf 75' lang='grc' dir='ltr'><strong><em>ἐλέγοντο</em></strong></span> <span class='ocrx_word' id='word_1_141' title='bbox 1445 1937 1821 2032; x_wconf 81' lang='grc' dir='ltr'><strong><em>ἆποδημεῑν</em></strong></span> <span class='ocrx_word' id='word_1_142' title='bbox 1883 1938 2097 2013; x_wconf 69' lang='grc' dir='ltr'><strong><em>αὐτῶν</em></strong></span> <span class='ocrx_word' id='word_1_143' title='bbox 2157 1947 2229 2013; x_wconf 81' lang='grc' dir='ltr'><strong><em>οἵ</em></strong></span> <span class='ocrx_word' id='word_1_144' title='bbox 2274 1973 2349 2013; x_wconf 87' lang='grc' dir='ltr'><strong><em>τε</em></strong></span> 
     </span>
     <span class='ocr_line' id='line_1_18' title="bbox 187 2040 2346 2135; baseline 0.002 -23"><span class='ocrx_word' id='word_1_145' title='bbox 187 2048 472 2135; x_wconf 82' lang='grc' dir='ltr'><strong><em>φοβεροὶ</em></strong></span> <span class='ocrx_word' id='word_1_146' title='bbox 521 2049 633 2113; x_wconf 89' lang='grc' dir='ltr'><strong><em>καὶ</em></strong></span> <span class='ocrx_word' id='word_1_147' title='bbox 679 2050 944 2132; x_wconf 86' lang='grc' dir='ltr'><strong><em>φονικοὶ</em></strong></span> <span class='ocrx_word' id='word_1_148' title='bbox 988 2049 1099 2113; x_wconf 87' lang='grc' dir='ltr'><strong><em>καὶ</em></strong></span> <span class='ocrx_word' id='word_1_149' title='bbox 1147 2040 1446 2133; x_wconf 72' lang='grc' dir='ltr'><strong><em>ἀπηνεῖς,</em></strong></span> <span class='ocrx_word' id='word_1_150' title='bbox 1495 2046 1611 2112; x_wconf 81' lang='grc' dir='ltr'><strong><em>δύο</em></strong></span> <span class='ocrx_word' id='word_1_151' title='bbox 1645 2048 1716 2113; x_wconf 83' lang='grc' dir='ltr'><strong><em>δὲ</em></strong></span> <span class='ocrx_word' id='word_1_152' title='bbox 1754 2045 1929 2133; x_wconf 84' lang='grc' dir='ltr'><strong><em>πρὸς</em></strong></span> <span class='ocrx_word' id='word_1_153' title='bbox 1961 2046 2079 2114; x_wconf 85' lang='grc' dir='ltr'><strong><em>τὸν</em></strong></span> <span class='ocrx_word' id='word_1_154' title='bbox 2112 2052 2346 2133; x_wconf 91' lang='grc' dir='ltr'><strong><em>λιμένα</em></strong></span> 
     </span>
     <span class='ocr_line' id='line_1_19' title="bbox 184 2144 2347 2239; baseline 0.001 -24"><span class='ocrx_word' id='word_1_155' title='bbox 184 2153 298 2217; x_wconf 86' lang='grc' dir='ltr'><strong><em>καὶ</em></strong></span> <span class='ocrx_word' id='word_1_156' title='bbox 345 2148 468 2236; x_wconf 86' lang='grc' dir='ltr'><strong><em>τὴν</em></strong></span> <span class='ocrx_word' id='word_1_157' title='bbox 516 2149 887 2230; x_wconf 76' lang='grc' dir='ltr'><strong><em>θάλατταν,</em></strong></span> <span class='ocrx_word' id='word_1_158' title='bbox 934 2145 1125 2236; x_wconf 79' lang='grc' dir='ltr'><strong><em>ἡμὲν</em></strong></span> <span class='ocrx_word' id='word_1_159' title='bbox 1152 2155 1482 2236; x_wconf 88' lang='grc' dir='ltr'><strong><em>κερατίνη,</em></strong></span> <span class='ocrx_word' id='word_1_160' title='bbox 1527 2144 1696 2216; x_wconf 70' lang='grc' dir='ltr'><strong><em>καθ’</em></strong></span> <span class='ocrx_word' id='word_1_161' title='bbox 1747 2149 1826 2237; x_wconf 84' lang='grc' dir='ltr'><strong><em>ἣν</em></strong></span> <span class='ocrx_word' id='word_1_162' title='bbox 1857 2147 2048 2236; x_wconf 83' lang='grc' dir='ltr'><strong><em>ἡμεῖς</em></strong></span> <span class='ocrx_word' id='word_1_163' title='bbox 2085 2153 2347 2239; x_wconf 79' lang='grc' dir='ltr'><strong><em>παρήλ-</em></strong></span> 
     </span>
     <span class='ocr_line' id='line_1_20' title="bbox 185 2249 2349 2345; baseline 0.001 -26"><span class='ocrx_word' id='word_1_164' title='bbox 185 2260 428 2338; x_wconf 74' lang='grc' dir='ltr'><strong><em>θομεν,</em></strong></span> <span class='ocrx_word' id='word_1_165' title='bbox 475 2249 516 2343; x_wconf 82' lang='grc' dir='ltr'>ἡ</span> <span class='ocrx_word' id='word_1_166' title='bbox 550 2252 623 2318; x_wconf 82' lang='grc' dir='ltr'><strong><em>δὲ</em></strong></span> <span class='ocrx_word' id='word_1_167' title='bbox 661 2252 1074 2341; x_wconf 78' lang='grc' dir='ltr'><strong><em>ἐλεφαντίνη.</em></strong></span> <span class='ocrx_word' id='word_1_168' title='bbox 1152 2252 1430 2320; x_wconf 81' lang='grc' dir='ltr'><strong><em>εἰσιόντι</em></strong></span> <span class='ocrx_word' id='word_1_169' title='bbox 1464 2253 1535 2318; x_wconf 81' lang='grc' dir='ltr'><strong><em>δὲ</em></strong></span> <span class='ocrx_word' id='word_1_170' title='bbox 1568 2252 1634 2331; x_wconf 80' lang='grc' dir='ltr'><strong><em>ἐς</em></strong></span> <span class='ocrx_word' id='word_1_171' title='bbox 1664 2252 1783 2342; x_wconf 85' lang='grc' dir='ltr'><strong><em>τὴν</em></strong></span> <span class='ocrx_word' id='word_1_172' title='bbox 1829 2254 2031 2321; x_wconf 91' lang='grc' dir='ltr'><strong><em>πόλιν</em></strong></span> <span class='ocrx_word' id='word_1_173' title='bbox 2062 2253 2130 2321; x_wconf 77' lang='grc' dir='ltr'><strong><em>ἐν</em></strong></span> <span class='ocrx_word' id='word_1_174' title='bbox 2163 2256 2349 2345; x_wconf 70' lang='grc' dir='ltr'><strong><em>δεξιᾷ</em></strong></span> 
     </span>
     <span class='ocr_line' id='line_1_21' title="bbox 183 2354 2349 2446; baseline 0 -23"><span class='ocrx_word' id='word_1_175' title='bbox 183 2362 311 2441; x_wconf 85' lang='grc' dir='ltr'><strong><em>μέν</em></strong></span> <span class='ocrx_word' id='word_1_176' title='bbox 357 2357 502 2423; x_wconf 77' lang='grc' dir='ltr'><strong><em>ἐστι</em></strong></span> <span class='ocrx_word' id='word_1_177' title='bbox 539 2355 615 2422; x_wconf 84' lang='grc' dir='ltr'><strong><em>τὸ</em></strong></span> <span class='ocrx_word' id='word_1_178' title='bbox 650 2359 1001 2442; x_wconf 73' lang='grc' dir='ltr'><strong><em>Νυκτῷον·</em></strong></span> <span class='ocrx_word' id='word_1_179' title='bbox 1049 2361 1322 2440; x_wconf 90' lang='grc' dir='ltr'><strong><em>σέβουσι</em></strong></span> <span class='ocrx_word' id='word_1_180' title='bbox 1365 2354 1492 2443; x_wconf 85' lang='grc' dir='ltr'><strong><em>γὰρ</em></strong></span> <span class='ocrx_word' id='word_1_181' title='bbox 1538 2359 1723 2422; x_wconf 72' lang='grc' dir='ltr'><strong><em>θεῶν</em></strong></span> <span class='ocrx_word' id='word_1_182' title='bbox 1766 2356 2010 2446; x_wconf 80' lang='grc' dir='ltr'><strong><em>ταύτην</em></strong></span> <span class='ocrx_word' id='word_1_183' title='bbox 2053 2357 2349 2440; x_wconf 91' lang='grc' dir='ltr'><strong><em>μάλιστα</em></strong></span> 
     </span>
     <span class='ocr_line' id='line_1_22' title="bbox 184 2452 2345 2545; baseline 0.001 -21"><span class='ocrx_word' id='word_1_184' title='bbox 184 2462 296 2526; x_wconf 84' lang='grc' dir='ltr'><strong><em>καὶ</em></strong></span> <span class='ocrx_word' id='word_1_185' title='bbox 343 2456 465 2525; x_wconf 86' lang='grc' dir='ltr'><strong><em>τὸν</em></strong></span> <span class='ocrx_word' id='word_1_186' title='bbox 503 2452 976 2545; x_wconf 79' lang='grc' dir='ltr'><strong><em>Ἀλεκτρυόνα·</em></strong></span> <span class='ocrx_word' id='word_1_187' title='bbox 1037 2457 1263 2545; x_wconf 77' lang='grc' dir='ltr'><strong><em>ἐκείνῳ</em></strong></span> <span class='ocrx_word' id='word_1_188' title='bbox 1311 2459 1382 2525; x_wconf 82' lang='grc' dir='ltr'><strong><em>δὲ</em></strong></span> <span class='ocrx_word' id='word_1_189' title='bbox 1443 2461 1734 2543; x_wconf 86' lang='grc' dir='ltr'><strong><em>πλησίον</em></strong></span> <span class='ocrx_word' id='word_1_190' title='bbox 1788 2463 1907 2525; x_wconf 85' lang='grc' dir='ltr'><strong><em>τοῦ</em></strong></span> <span class='ocrx_word' id='word_1_191' title='bbox 1963 2460 2227 2543; x_wconf 84' lang='grc' dir='ltr'><strong><em>λιμένος</em></strong></span> <span class='ocrx_word' id='word_1_192' title='bbox 2269 2460 2345 2527; x_wconf 83' lang='grc' dir='ltr'><strong><em>τὸ</em></strong></span> 
     </span>
     <span class='ocr_line' id='line_1_23' title="bbox 192 2554 2348 2649; baseline 0 -21"><span class='ocrx_word' id='word_1_193' title='bbox 192 2561 372 2648; x_wconf 79' lang='grc' dir='ltr'><strong><em>ἱερὸν</em></strong></span> <span class='ocrx_word' id='word_1_194' title='bbox 415 2567 812 2649; x_wconf 88' lang='grc' dir='ltr'><strong><em>πεποίηται.</em></strong></span> <span class='ocrx_word' id='word_1_195' title='bbox 891 2561 959 2628; x_wconf 75' lang='grc' dir='ltr'><strong><em>ἐν</em></strong></span> <span class='ocrx_word' id='word_1_196' title='bbox 990 2555 1310 2649; x_wconf 71' lang='grc' dir='ltr'><strong><em>ἀριστερᾷ</em></strong></span> <span class='ocrx_word' id='word_1_197' title='bbox 1341 2562 1414 2627; x_wconf 83' lang='grc' dir='ltr'><strong><em>δὲ</em></strong></span> <span class='ocrx_word' id='word_1_198' title='bbox 1445 2560 1528 2626; x_wconf 86' lang='grc' dir='ltr'><strong><em>τὰ</em></strong></span> <span class='ocrx_word' id='word_1_199' title='bbox 1559 2564 1678 2627; x_wconf 81' lang='grc' dir='ltr'><strong><em>τοῦ</em></strong></span> <span class='ocrx_word' id='word_1_200' title='bbox 1709 2554 1970 2628; x_wconf 62' lang='grc' dir='ltr'><strong><em>’Ύπνου</em></strong></span> <span class='ocrx_word' id='word_1_201' title='bbox 2014 2564 2348 2647; x_wconf 86' lang='grc' dir='ltr'><strong><em>βασίλεια.</em></strong></span> 
     </span>
     <span class='ocr_line' id='line_1_24' title="bbox 190 2657 2350 2752; baseline 0.001 -22"><span class='ocrx_word' id='word_1_202' title='bbox 190 2659 388 2742; x_wconf 78' lang='grc' dir='ltr'><strong><em>οὗτος</em></strong></span> <span class='ocrx_word' id='word_1_203' title='bbox 417 2661 547 2750; x_wconf 77' lang='grc' dir='ltr'><strong><em>γάρ</em></strong></span> <span class='ocrx_word' id='word_1_204' title='bbox 578 2662 655 2752; x_wconf 90' lang='grc' dir='ltr'><strong><em>δὴ</em></strong></span> <span class='ocrx_word' id='word_1_205' title='bbox 690 2658 876 2747; x_wconf 78' lang='grc' dir='ltr'><strong><em>ὂῖρχει</em></strong></span> <span class='ocrx_word' id='word_1_206' title='bbox 914 2657 1080 2751; x_wconf 76' lang='grc' dir='ltr'><strong><em>παρ’</em></strong></span> <span class='ocrx_word' id='word_1_207' title='bbox 1138 2657 1362 2740; x_wconf 78' lang='grc' dir='ltr'><strong><em>αὐτοῖς</em></strong></span> <span class='ocrx_word' id='word_1_208' title='bbox 1410 2663 1763 2751; x_wconf 86' lang='grc' dir='ltr'><strong><em>σατράπας</em></strong></span> <span class='ocrx_word' id='word_1_209' title='bbox 1809 2663 1926 2731; x_wconf 79' lang='grc' dir='ltr'><strong><em>δύο</em></strong></span> <span class='ocrx_word' id='word_1_210' title='bbox 1972 2668 2085 2732; x_wconf 86' lang='grc' dir='ltr'><strong><em>καὶ</em></strong></span> <span class='ocrx_word' id='word_1_211' title='bbox 2127 2661 2350 2751; x_wconf 78' lang='grc' dir='ltr'><strong><em>ὑπάρ-</em></strong></span> 
     </span>
     <span class='ocr_line' id='line_1_25' title="bbox 184 2760 2350 2854; baseline 0 -21"><span class='ocrx_word' id='word_1_212' title='bbox 184 2791 345 2849; x_wconf 88' lang='grc' dir='ltr'><strong><em>χους</em></strong></span> <span class='ocrx_word' id='word_1_213' title='bbox 404 2771 895 2854; x_wconf 82' lang='grc' dir='ltr'><strong><em>πεποιημένος,</em></strong></span> <span class='ocrx_word' id='word_1_214' title='bbox 960 2760 1357 2853; x_wconf 79' lang='grc' dir='ltr'><strong><em>Ταραξίωνά</em></strong></span> <span class='ocrx_word' id='word_1_215' title='bbox 1403 2790 1474 2831; x_wconf 86' lang='grc' dir='ltr'><strong><em>τε</em></strong></span> <span class='ocrx_word' id='word_1_216' title='bbox 1520 2764 1637 2832; x_wconf 87' lang='grc' dir='ltr'><strong><em>τὸν</em></strong></span> <span class='ocrx_word' id='word_1_217' title='bbox 1683 2772 2197 2853; x_wconf 75' lang='grc' dir='ltr'><strong><em>,Ματαιογένους</em></strong></span> <span class='ocrx_word' id='word_1_218' title='bbox 2239 2770 2350 2834; x_wconf 88' lang='grc' dir='ltr'><strong><em>καὶ</em></strong></span> 
     </span>
     <span class='ocr_line' id='line_1_26' title="bbox 189 2863 2348 2959; baseline 0 -24"><span class='ocrx_word' id='word_1_219' title='bbox 189 2869 624 2935; x_wconf 85' lang='grc' dir='ltr'><strong><em>Πλουτοκλέα</em></strong></span> <span class='ocrx_word' id='word_1_220' title='bbox 668 2867 784 2935; x_wconf 84' lang='grc' dir='ltr'><strong><em>τὸν</em></strong></span> <span class='ocrx_word' id='word_1_221' title='bbox 821 2875 1319 2946; x_wconf 83' lang='grc' dir='ltr'><strong><em>Φαντασίωνος.</em></strong></span> <span class='ocrx_word' id='word_1_222' title='bbox 1394 2866 1463 2934; x_wconf 76' lang='grc' dir='ltr'><strong><em>ἐν</em></strong></span> <span class='ocrx_word' id='word_1_223' title='bbox 1492 2874 1659 2956; x_wconf 85' lang='grc' dir='ltr'><strong><em>μέσῃ</em></strong></span> <span class='ocrx_word' id='word_1_224' title='bbox 1701 2869 1772 2934; x_wconf 82' lang='grc' dir='ltr'><strong><em>δὲ</em></strong></span> <span class='ocrx_word' id='word_1_225' title='bbox 1804 2873 1884 2956; x_wconf 83' lang='grc' dir='ltr'><strong><em>τῇ</em></strong></span> <span class='ocrx_word' id='word_1_226' title='bbox 1916 2863 2127 2959; x_wconf 80' lang='grc' dir='ltr'><strong><em>ἆγορᾷ</em></strong></span> <span class='ocrx_word' id='word_1_227' title='bbox 2171 2870 2348 2958; x_wconf 88' lang='grc' dir='ltr'><strong><em>πηγή</em></strong></span> 
     </span>
     <span class='ocr_line' id='line_1_27' title="bbox 189 2970 2348 3061; baseline 0.001 -25"><span class='ocrx_word' id='word_1_228' title='bbox 189 2979 296 3050; x_wconf 89' lang='grc' dir='ltr'><strong><em>τίς</em></strong></span> <span class='ocrx_word' id='word_1_229' title='bbox 343 2970 557 3048; x_wconf 75' lang='grc' dir='ltr'><strong><em>ἐστιν,</em></strong></span> <span class='ocrx_word' id='word_1_230' title='bbox 614 2970 695 3061; x_wconf 75' lang='grc' dir='ltr'><strong><em>ἠν</em></strong></span> <span class='ocrx_word' id='word_1_231' title='bbox 740 2973 1019 3038; x_wconf 83' lang='grc' dir='ltr'><strong><em>καλοῦσι</em></strong></span> <span class='ocrx_word' id='word_1_232' title='bbox 1066 2974 1449 3056; x_wconf 81' lang='grc' dir='ltr'><strong><em>Καρεῶτιν·</em></strong></span> <span class='ocrx_word' id='word_1_233' title='bbox 1507 2974 1621 3038; x_wconf 87' lang='grc' dir='ltr'><strong><em>καὶ</em></strong></span> <span class='ocrx_word' id='word_1_234' title='bbox 1679 2973 1967 3059; x_wconf 86' lang='grc' dir='ltr'><strong><em>πλησίον</em></strong></span> <span class='ocrx_word' id='word_1_235' title='bbox 2014 2977 2162 3039; x_wconf 87' lang='grc' dir='ltr'><strong><em>ναοὶ</em></strong></span> <span class='ocrx_word' id='word_1_236' title='bbox 2210 2973 2348 3052; x_wconf 87' lang='grc' dir='ltr'><strong><em>δύο,</em></strong></span> 
     </span>
     <span class='ocr_line' id='line_1_28' title="bbox 180 3067 2352 3163; baseline 0.001 -25"><span class='ocrx_word' id='word_1_237' title='bbox 180 3067 497 3163; x_wconf 77' lang='grc' dir='ltr'><strong><em>Ἀπάτης</em></strong></span> <span class='ocrx_word' id='word_1_238' title='bbox 539 3078 653 3140; x_wconf 85' lang='grc' dir='ltr'><strong><em>καὶ</em></strong></span> <span class='ocrx_word' id='word_1_239' title='bbox 688 3067 1090 3161; x_wconf 73' lang='grc' dir='ltr'><strong><em>Ἀληθείας·</em></strong></span> <span class='ocrx_word' id='word_1_240' title='bbox 1138 3072 1310 3139; x_wconf 72' lang='grc' dir='ltr'><strong><em>ἔνθα</em></strong></span> <span class='ocrx_word' id='word_1_241' title='bbox 1354 3075 1467 3138; x_wconf 88' lang='grc' dir='ltr'><strong><em>καὶ</em></strong></span> <span class='ocrx_word' id='word_1_242' title='bbox 1496 3072 1571 3139; x_wconf 84' lang='grc' dir='ltr'><strong><em>τὸ</em></strong></span> <span class='ocrx_word' id='word_1_243' title='bbox 1609 3069 1852 3140; x_wconf 68' lang='grc' dir='ltr'><strong><em>ἄδυτόν</em></strong></span> <span class='ocrx_word' id='word_1_244' title='bbox 1896 3074 2078 3142; x_wconf 77' lang='grc' dir='ltr'><strong><em>ἐστιν</em></strong></span> <span class='ocrx_word' id='word_1_245' title='bbox 2125 3070 2352 3152; x_wconf 75' lang='grc' dir='ltr'><strong><em>αὐτοῖς</em></strong></span> 
     </span>
     <span class='ocr_line' id='line_1_29' title="bbox 190 3170 2353 3265; baseline -0.001 -22"><span class='ocrx_word' id='word_1_246' title='bbox 190 3180 303 3244; x_wconf 85' lang='grc' dir='ltr'><strong><em>καὶ</em></strong></span> <span class='ocrx_word' id='word_1_247' title='bbox 363 3177 440 3243; x_wconf 84' lang='grc' dir='ltr'><strong><em>τὸ</em></strong></span> <span class='ocrx_word' id='word_1_248' title='bbox 501 3190 847 3260; x_wconf 88' lang='grc' dir='ltr'><strong><em>μαντεῖον,</em></strong></span> <span class='ocrx_word' id='word_1_249' title='bbox 911 3171 984 3243; x_wconf 79' lang='grc' dir='ltr'><strong><em>οὗ</em></strong></span> <span class='ocrx_word' id='word_1_250' title='bbox 1045 3175 1475 3265; x_wconf 86' lang='grc' dir='ltr'><strong><em>προειστήκει</em></strong></span> <span class='ocrx_word' id='word_1_251' title='bbox 1532 3177 1974 3264; x_wconf 86' lang='grc' dir='ltr'><strong><em>προφητεύων</em></strong></span> <span class='ocrx_word' id='word_1_252' title='bbox 2012 3170 2353 3263; x_wconf 76' lang='grc' dir='ltr'><strong><em>Ἀντιφῶν</em></strong></span> 
     </span>
     <span class='ocr_line' id='line_1_30' title="bbox 191 3271 2351 3366; baseline -0.001 -21"><span class='ocrx_word' id='word_1_253' title='bbox 191 3276 225 3345; x_wconf 84' lang='lat' dir='ltr'><strong><em>o‘</em></strong></span> <span class='ocrx_word' id='word_1_254' title='bbox 261 3282 401 3346; x_wconf 90' lang='grc' dir='ltr'><strong><em>τῶν</em></strong></span> <span class='ocrx_word' id='word_1_255' title='bbox 431 3273 709 3363; x_wconf 81' lang='grc' dir='ltr'><strong><em>ὀνείρων</em></strong></span> <span class='ocrx_word' id='word_1_256' title='bbox 752 3275 1137 3365; x_wconf 77' lang='grc' dir='ltr'><strong><em>ὑποκριτής,</em></strong></span> <span class='ocrx_word' id='word_1_257' title='bbox 1183 3278 1429 3365; x_wconf 75' lang='grc' dir='ltr'><strong><em>ταύτης</em></strong></span> <span class='ocrx_word' id='word_1_258' title='bbox 1459 3276 1647 3366; x_wconf 85' lang='grc' dir='ltr'><strong><em>παρὰ</em></strong></span> <span class='ocrx_word' id='word_1_259' title='bbox 1678 3283 1797 3344; x_wconf 83' lang='grc' dir='ltr'><strong><em>τοῦ</em></strong></span> <span class='ocrx_word' id='word_1_260' title='bbox 1823 3271 2089 3346; x_wconf 54' lang='grc' dir='ltr'><strong><em>(Ύπνου</em></strong></span> <span class='ocrx_word' id='word_1_261' title='bbox 2137 3277 2351 3362; x_wconf 80' lang='grc' dir='ltr'><strong><em>λαχὼν</em></strong></span> 
     </span>
     <span class='ocr_line' id='line_1_31' title="bbox 190 3374 2436 3470; baseline 0 -23"><span class='ocrx_word' id='word_1_262' title='bbox 190 3386 311 3470; x_wconf 88' lang='grc' dir='ltr'><strong><em>τῆς</em></strong></span> <span class='ocrx_word' id='word_1_263' title='bbox 372 3384 589 3469; x_wconf 87' lang='grc' dir='ltr'><strong><em>τιμῆς.</em></strong></span> <span class='ocrx_word' id='word_1_264' title='bbox 682 3387 782 3448; x_wconf 88' lang='grc'><strong><em>34.</em></strong></span> <span class='ocrx_word' id='word_1_265' title='bbox 847 3375 1064 3447; x_wconf 75' lang='grc' dir='ltr'><strong><em>αὐτῶν</em></strong></span> <span class='ocrx_word' id='word_1_266' title='bbox 1121 3386 1352 3465; x_wconf 91' lang='grc' dir='ltr'><strong><em>μέντοι</em></strong></span> <span class='ocrx_word' id='word_1_267' title='bbox 1409 3385 1542 3446; x_wconf 89' lang='grc' dir='ltr'><strong><em>τῶν</em></strong></span> <span class='ocrx_word' id='word_1_268' title='bbox 1602 3374 1878 3465; x_wconf 80' lang='grc' dir='ltr'><strong><em>ὀνείρων</em></strong></span> <span class='ocrx_word' id='word_1_269' title='bbox 1937 3377 2089 3447; x_wconf 69' lang='grc' dir='ltr'><strong><em>οὔτε</em></strong></span> <span class='ocrx_word' id='word_1_270' title='bbox 2149 3381 2436 3469; x_wconf 73' lang='grc' dir='ltr'><strong><em>φύσις34</em></strong></span> 
     </span>
     <span class='ocr_line' id='line_1_32' title="bbox 194 3478 2350 3570; baseline 0 -20"><span class='ocrx_word' id='word_1_271' title='bbox 194 3480 349 3550; x_wconf 69' lang='grc' dir='ltr'><strong><em>οὔτε</em></strong></span> <span class='ocrx_word' id='word_1_272' title='bbox 382 3483 530 3551; x_wconf 83' lang='grc' dir='ltr'><strong><em>ἰδέα</em></strong></span> <span class='ocrx_word' id='word_1_273' title='bbox 561 3480 599 3569; x_wconf 85' lang='grc' dir='ltr'>ἡ</span> <span class='ocrx_word' id='word_1_274' title='bbox 638 3478 822 3570; x_wconf 78' lang='grc' dir='ltr'><strong><em>αὐτή.</em></strong></span> <span class='ocrx_word' id='word_1_275' title='bbox 900 3478 1052 3549; x_wconf 70' lang='grc' dir='ltr'><strong><em>ἀλλ’</em></strong></span> <span class='ocrx_word' id='word_1_276' title='bbox 1106 3484 1170 3550; x_wconf 82' lang='grc' dir='ltr'><strong><em>οἱ</em></strong></span> <span class='ocrx_word' id='word_1_277' title='bbox 1203 3484 1323 3567; x_wconf 81' lang='grc' dir='ltr'><strong><em>μὲν</em></strong></span> <span class='ocrx_word' id='word_1_278' title='bbox 1367 3491 1614 3568; x_wconf 90' lang='grc' dir='ltr'><strong><em>μακροί</em></strong></span> <span class='ocrx_word' id='word_1_279' title='bbox 1648 3508 1721 3549; x_wconf 92' lang='grc' dir='ltr'><strong><em>τε</em></strong></span> <span class='ocrx_word' id='word_1_280' title='bbox 1762 3482 1934 3569; x_wconf 74' lang='grc' dir='ltr'><strong><em>ἦσαν</em></strong></span> <span class='ocrx_word' id='word_1_281' title='bbox 1979 3487 2085 3550; x_wconf 82' lang='grc' dir='ltr'><strong><em>καὶ</em></strong></span> <span class='ocrx_word' id='word_1_282' title='bbox 2133 3486 2350 3567; x_wconf 87' lang='grc' dir='ltr'><strong><em>μαλα-</em></strong></span> 
     </span>
     <span class='ocr_line' id='line_1_33' title="bbox 190 3581 2350 3674; baseline -0.002 -20"><span class='ocrx_word' id='word_1_283' title='bbox 190 3591 296 3654; x_wconf 85' lang='grc' dir='ltr'><strong><em>κοὶ</em></strong></span> <span class='ocrx_word' id='word_1_284' title='bbox 328 3589 442 3654; x_wconf 84' lang='grc' dir='ltr'><strong><em>καὶ</em></strong></span> <span class='ocrx_word' id='word_1_285' title='bbox 482 3586 698 3673; x_wconf 84' lang='grc' dir='ltr'><strong><em>[καλοὶ</em></strong></span> <span class='ocrx_word' id='word_1_286' title='bbox 744 3583 881 3672; x_wconf 87' lang='grc' dir='ltr'><strong><em>καὶ]</em></strong></span> <span class='ocrx_word' id='word_1_287' title='bbox 932 3581 1230 3666; x_wconf 86' lang='grc' dir='ltr'><strong><em>ευειδεῑς,</em></strong></span> <span class='ocrx_word' id='word_1_288' title='bbox 1282 3588 1347 3653; x_wconf 81' lang='grc' dir='ltr'><strong><em>οἱ</em></strong></span> <span class='ocrx_word' id='word_1_289' title='bbox 1378 3587 1453 3652; x_wconf 80' lang='grc' dir='ltr'><strong><em>δὲ</em></strong></span> <span class='ocrx_word' id='word_1_290' title='bbox 1500 3588 1767 3674; x_wconf 83' lang='grc' dir='ltr'><strong><em>σκληροὶ</em></strong></span> <span class='ocrx_word' id='word_1_291' title='bbox 1812 3587 1925 3652; x_wconf 89' lang='grc' dir='ltr'><strong><em>καὶ</em></strong></span> <span class='ocrx_word' id='word_1_292' title='bbox 1969 3590 2195 3669; x_wconf 89' lang='grc' dir='ltr'><strong><em>μικροὶ</em></strong></span> <span class='ocrx_word' id='word_1_293' title='bbox 2240 3588 2350 3650; x_wconf 85' lang='grc' dir='ltr'><strong><em>καὶ</em></strong></span> 
     </span>
     <span class='ocr_line' id='line_1_34' title="bbox 195 3685 2353 3777; baseline -0 -23"><span class='ocrx_word' id='word_1_294' title='bbox 195 3685 528 3777; x_wconf 85' lang='grc' dir='ltr'><strong><em>άμορφοι,</em></strong></span> <span class='ocrx_word' id='word_1_295' title='bbox 586 3692 696 3755; x_wconf 89' lang='grc' dir='ltr'><strong><em>καὶ</em></strong></span> <span class='ocrx_word' id='word_1_296' title='bbox 745 3690 810 3756; x_wconf 82' lang='grc' dir='ltr'><strong><em>οἳ</em></strong></span> <span class='ocrx_word' id='word_1_297' title='bbox 855 3689 974 3774; x_wconf 82' lang='grc' dir='ltr'><strong><em>μὲν</em></strong></span> <span class='ocrx_word' id='word_1_298' title='bbox 1026 3703 1290 3777; x_wconf 88' lang='grc' dir='ltr'><strong><em>χρυσοῖ,</em></strong></span> <span class='ocrx_word' id='word_1_299' title='bbox 1354 3685 1445 3766; x_wconf 81' lang='grc' dir='ltr'><strong><em>ῶς</em></strong></span> <span class='ocrx_word' id='word_1_300' title='bbox 1497 3689 1797 3769; x_wconf 75' lang='grc' dir='ltr'><strong><em>ἐδόκουν,</em></strong></span> <span class='ocrx_word' id='word_1_301' title='bbox 1857 3689 1920 3753; x_wconf 79' lang='grc' dir='ltr'><strong><em>οἱ</em></strong></span> <span class='ocrx_word' id='word_1_302' title='bbox 1980 3688 2052 3754; x_wconf 91' lang='grc' dir='ltr'><strong><em>δε</em></strong></span> <span class='ocrx_word' id='word_1_303' title='bbox 2113 3712 2353 3753; x_wconf 85' lang='grc' dir='ltr'><strong><em>ταπει-</em></strong></span> 
     </span>
     <span class='ocr_line' id='line_1_35' title="bbox 97 3784 2353 3910; baseline 0 -57"><span class='ocrx_word' id='word_1_304' title='bbox 97 3804 177 3855; x_wconf 77' lang='lat'><strong><em>1³0</em></strong></span> <span class='ocrx_word' id='word_1_305' title='bbox 192 3798 298 3858; x_wconf 88' lang='grc' dir='ltr'><strong><em>νοί</em></strong></span> <span class='ocrx_word' id='word_1_306' title='bbox 325 3817 402 3858; x_wconf 91' lang='grc' dir='ltr'><strong><em>τε</em></strong></span> <span class='ocrx_word' id='word_1_307' title='bbox 428 3794 540 3858; x_wconf 84' lang='grc' dir='ltr'><strong><em>καὶ</em></strong></span> <span class='ocrx_word' id='word_1_308' title='bbox 577 3785 882 3869; x_wconf 89' lang='grc' dir='ltr'><strong><em>ευτελεῖς.</em></strong></span> <span class='ocrx_word' id='word_1_309' title='bbox 958 3788 1128 3879; x_wconf 84' lang='grc' dir='ltr'><strong><em>ήσαν</em></strong></span> <span class='ocrx_word' id='word_1_310' title='bbox 1162 3784 1224 3857; x_wconf 69' lang='grc' dir='ltr'><strong><em>δ’</em></strong></span> <span class='ocrx_word' id='word_1_311' title='bbox 1266 3790 1332 3857; x_wconf 77' lang='grc' dir='ltr'><strong><em>ἐν</em></strong></span> <span class='ocrx_word' id='word_1_312' title='bbox 1368 3786 1594 3867; x_wconf 73' lang='grc' dir='ltr'><strong><em>αὐτοῖς</em></strong></span> <span class='ocrx_word' id='word_1_313' title='bbox 1635 3794 1749 3858; x_wconf 86' lang='grc' dir='ltr'><strong><em>καὶ</em></strong></span> <span class='ocrx_word' id='word_1_314' title='bbox 1794 3796 2134 3910; x_wconf 87' lang='grc' dir='ltr'><strong><em>πτερωτοί</em></strong></span> <span class='ocrx_word' id='word_1_315' title='bbox 2177 3813 2353 3865; x_wconf 88' lang='grc' dir='ltr'><strong><em>τινες</em></strong></span> 
     </span>
     <span class='ocr_line' id='line_1_36' title="bbox 192 3889 2352 3980; baseline -0.002 -21"><span class='ocrx_word' id='word_1_316' title='bbox 192 3897 306 3959; x_wconf 84' lang='grc' dir='ltr'><strong><em>καὶ</em></strong></span> <span class='ocrx_word' id='word_1_317' title='bbox 351 3894 786 3980; x_wconf 86' lang='grc' dir='ltr'><strong><em>τερατωδεις,</em></strong></span> <span class='ocrx_word' id='word_1_318' title='bbox 841 3897 953 3960; x_wconf 87' lang='grc' dir='ltr'><strong><em>καὶ</em></strong></span> <span class='ocrx_word' id='word_1_319' title='bbox 1001 3889 1194 3959; x_wconf 69' lang='grc' dir='ltr'><strong><em>ἄλλοι</em></strong></span> <span class='ocrx_word' id='word_1_320' title='bbox 1243 3893 1562 3977; x_wconf 74' lang='grc' dir='ltr'><strong><em>καθάπερ</em></strong></span> <span class='ocrx_word' id='word_1_321' title='bbox 1609 3918 1676 3970; x_wconf 91' lang='grc' dir='ltr'><strong><em>ες</em></strong></span> <span class='ocrx_word' id='word_1_322' title='bbox 1720 3891 2002 3980; x_wconf 85' lang='grc' dir='ltr'><strong><em>πομπὴν</em></strong></span> <span class='ocrx_word' id='word_1_323' title='bbox 2058 3891 2352 3958; x_wconf 88' lang='grc' dir='ltr'><strong><em>διεσκευ-</em></strong></span> 
     </span>
     <span class='ocr_line' id='line_1_37' title="bbox 198 3991 2353 4080; baseline -0.002 -19"><span class='ocrx_word' id='word_1_324' title='bbox 198 4000 508 4080; x_wconf 86' lang='grc' dir='ltr'><strong><em>ασμένοι,</em></strong></span> <span class='ocrx_word' id='word_1_325' title='bbox 559 3997 625 4062; x_wconf 78' lang='grc' dir='ltr'><strong><em>οἱ</em></strong></span> <span class='ocrx_word' id='word_1_326' title='bbox 681 3996 801 4079; x_wconf 82' lang='grc' dir='ltr'><strong><em>μὲν</em></strong></span> <span class='ocrx_word' id='word_1_327' title='bbox 859 3994 927 4073; x_wconf 78' lang='grc' dir='ltr'><strong><em>ἐς</em></strong></span> <span class='ocrx_word' id='word_1_328' title='bbox 978 3996 1330 4079; x_wconf 83' lang='grc' dir='ltr'><strong><em>βασιλέας,</em></strong></span> <span class='ocrx_word' id='word_1_329' title='bbox 1378 3996 1443 4061; x_wconf 80' lang='grc' dir='ltr'><strong><em>οἱ</em></strong></span> <span class='ocrx_word' id='word_1_330' title='bbox 1490 3996 1560 4060; x_wconf 82' lang='grc' dir='ltr'><strong><em>δὲ</em></strong></span> <span class='ocrx_word' id='word_1_331' title='bbox 1607 3992 1673 4072; x_wconf 78' lang='grc' dir='ltr'><strong><em>ἐς</em></strong></span> <span class='ocrx_word' id='word_1_332' title='bbox 1729 3994 1964 4072; x_wconf 72' lang='grc' dir='ltr'><strong><em>θεοίς,</em></strong></span> <span class='ocrx_word' id='word_1_333' title='bbox 2026 3994 2090 4059; x_wconf 82' lang='grc' dir='ltr'><strong><em>οἱ</em></strong></span> <span class='ocrx_word' id='word_1_334' title='bbox 2139 3992 2208 4057; x_wconf 77' lang='grc' dir='ltr'><strong><em>δὲ</em></strong></span> <span class='ocrx_word' id='word_1_335' title='bbox 2257 3991 2353 4067; x_wconf 78' lang='grc' dir='ltr'><strong><em>εἰς</em></strong></span> 
     </span>
    </p>
   </div>
  </div>
 </body>
</html>
