2800 4500
854 242 1157 296 ΑΔΗΘΟΥΣ
1192 243 1489 307 ΙΣΤΟΡΙΑΣ
1513 244 1569 295 Β.
2206 241 2290 301 57

173 403 470 494 ἀριθμόν,
531 408 698 499 ὂῖλλη
763 413 835 478 δὲ
893 411 1041 499 ἕκτη
1098 413 1464 497 πόρρωθεν
1512 451 1590 460 ——
1637 412 1883 490 ταύτας
1938 414 2056 497 μὲν
2116 411 2289 481 εἶναι

170 511 390 599 ἔφασκε
418 512 539 592 τὰς
585 518 718 580 τών
759 509 1037 598 ἀσεβῶν,
1084 512 1207 592 τὰς
1250 516 1561 602 πλησίον,
1610 508 1808 602 ,,Ἀφ’
1848 509 1941 580 ών
1987 514 2088 602 δὴ,
2135 515 2286 604 ἔφη,

166 612 228 680 τὸ
268 617 435 682 πολὺ
482 620 618 701 πῦρ
664 614 825 704 ὁρᾷς
878 616 1264 698 καιόμενον,
1324 614 1473 704 ἕκτη
1535 616 1606 682 δὲ
1666 615 1874 704 ἐκείνη
1936 621 2068 682 τῶν
2113 612 2288 684 ὀνεί-

92 729 276 800 125ρων
329 713 366 807 ἡ
425 716 664 796 πόλις·
723 717 890 802 μετὰ
946 718 1189 806 ταύτην
1250 719 1322 784 δὲ
1377 713 1417 806 ἡ
1476 722 1594 805 τῆς
1644 720 2011 802 Καλυψοῦς
2070 723 2286 806 νῆσος,

164 811 289 883 ἀλλ’
339 813 609 886 οὖδέπω
642 844 751 887 σοι
783 828 1116 908 φαίνεται.
1193 818 1471 887 ἐπειδὰν
1503 821 1574 887 δὲ
1604 821 1851 900 ταύτας
1893 821 2289 908 παραπλεύ-

162 942 276 1006 σῃς,
319 921 470 988 τότε
520 922 597 1010 δὴ
647 916 853 1010 ἀφίξῃ
887 922 953 1001 ἐς
998 922 1114 1011 τὴν
1158 922 1451 1011 μεγάλην
1494 918 1775 1009 ἤπειρον
1817 920 1937 1010 τὴν
1982 922 2288 991 ἐναντίαν

159 1026 227 1108 τῇ
271 1018 387 1111 ὑφ’
450 1021 639 1108 ὖμιῦν
694 1030 1199 1113 κατοικουμένῃ·
1260 1024 1560 1092 ἐνταῦθα
1618 1024 1696 1114 δὴ
1756 1024 1976 1091 πολλὰ
2033 1026 2289 1091 παθών

158 1127 245 1190 καὶ
288 1129 571 1195 ποικίλα
616 1126 780 1216 ἔθνη
830 1126 1124 1194 διελθών
1169 1132 1278 1194 καὶ
1340 1126 1738 1211 ἀνθρώποις
1785 1121 2089 1211 ἀμίκτοις
2134 1127 2286 1195 ἔπι-

159 1227 431 1314 δημήσας
462 1229 684 1316 χρόνῳ
717 1231 883 1297 ποτὲ
916 1223 1094 1316 ἥξεις
1126 1230 1193 1308 ἐς
1223 1228 1341 1319 τὴν
1382 1227 1705 1313 ὑμετέραν
1735 1225 2081 1316 ἤπειρονζζ.
2172 1257 2286 1298 το-

158 1334 341 1397 σαῦτα
373 1329 551 1399 εἶπε.
615 1338 716 1400 28.
741 1336 853 1399 καὶ
887 1326 1290 1410 ἀνασπάσας
1322 1327 1463 1399 ἆπό
1488 1337 1606 1418 τῆς
1628 1340 1746 1421 γῆς
1768 1332 2067 1421 μαλάχης
2099 1333 2376 1420 ῥίζαν28

157 1427 333 1518 ιῖἷρεξέ
389 1460 548 1517 μοι,
606 1435 811 1523 ταύτῃ
870 1436 1183 1514 κελεύσας
1243 1434 1311 1502 ἐν
1362 1449 1505 1513 τοῖς
1560 1441 1901 1520 μεγίστοις
1959 1436 2288 1515 κινδύνοις

155 1537 671 1619 προσεύχεσθαι·
742 1537 1080 1625 παρῄνεσε
1138 1538 1210 1603 δὲ
1267 1539 1380 1603 καὶ
1441 1537 1506 1602 εἴ
1558 1562 1727 1603 ποτε
1794 1532 2160 1626 ἀφικοίμην
2222 1538 2287 1615 ἐς

154 1637 318 1724 τήνδε
358 1639 486 1725 τὴν
528 1644 677 1726 γῆν,
735 1641 902 1730 μήτε
946 1645 1080 1725 πῦρ
1139 1646 1436 1729 μαχαίρᾳ
1497 1639 1838 1706 σκαλεύειν
1895 1640 2062 1727 μήτε
2118 1647 2286 1726 θέρ-

153 1764 290 1819 μους
333 1741 603 1809 εσθίειν
646 1742 811 1830 μήτε
858 1744 1054 1810 παιδὶ
1113 1738 1284 1825 ὑπὲρ
1330 1741 1414 1808 τὰ
1461 1736 1909 1809 οκτωκαίδεκα
1955 1745 2065 1831 ἔτη
2113 1745 2286 1830 πλη-

155 1842 415 1922 σιάζειν·
484 1845 741 1911 τούτων
796 1845 924 1931 γὰρ
985 1873 1064 1911 αν
1118 1850 1534 1970 μεμνημένον
1604 1843 1885 1922 ἐλπίδας
1943 1844 2113 1927 ἐχειν
2169 1850 2289 1933 τῆς

155 1942 207 2021 ἐς
244 1945 357 2035 τὴν
405 1951 606 2036 νῆσον
653 1941 968 2035 ἀφίξεως.
1057 1947 1210 2014 τότε
1253 1948 1376 2030 μὲν
1424 1944 1537 2013 οὖν
1575 1947 1658 2012 τὰ
1705 1951 1860 2033 περὶ
1909 1973 2027 2014 τον
2072 1950 2288 2013 πλοῦν

153 2048 748 2137 παρεσκευαζόμην,
810 2054 923 2116 καὶ
977 2049 1125 2116 ἐπεὶ
1187 2049 1419 2133 καιρὸς
1463 2036 1573 2137 ἧν,
1639 2050 2122 2139 συνειστιώμην
2168 2045 2285 2116 αύ-

153 2165 287 2229 τοῖς.
378 2157 461 2240 τῇ
496 2146 561 2217 δ’
602 2151 884 2240 ἐπιούσῃ
933 2152 1340 2236 προσελθών
1384 2151 1561 2235 πρὸς
1589 2144 1884 2238 Όμηρον
1929 2151 2044 2217 τὸν
2083 2177 2284 2239 ποιη-

153 2253 250 2341 τὴν
292 2254 585 2345 εδεηθην
633 2250 835 2323 αυτοῦ
882 2281 1003 2323 ποι
981 2260 1169 2345 ιῇσαί
1202 2282 1317 2339 μοι
1363 2255 1670 2338 δίστιχον
1705 2253 2126 2340 επιχραμμα·
2173 2257 2284 2321 καὶ
2425 2200 2466 2323 l,

154 2354 364 2446 ἐπειδη
414 2356 727 2447 ἐποίησε,
784 2357 1026 2446 στήλην
1070 2357 1402 2446 βηρύλλου
1450 2360 1650 2423 λίθου
1700 2352 2081 2442 ἀναστήσας
2127 2355 2283 2423 επέ-

151 2473 359 2546 γραψα
407 2460 584 2547 πρὸς
628 2487 721 2547 τῳ
772 2463 1008 2545 λιμένι.
1098 2487 1174 2527 το
1226 2461 1297 2526 δὲ
1343 2460 1732 2546 επίγραμμα
1776 2457 1855 2549 ἦν
1901 2454 2195 2526 τοιόνδε·

284 2562 674 2641 Λουκιανὸς
717 2563 880 2629 τάδε
923 2563 1150 2629 πάντα
1197 2565 1396 2650 φίλος
1441 2563 1813 2646 μακάρεσσι
1856 2568 2126 2629 θεοῖσιν

287 2662 421 2731 εἶδέ
464 2691 540 2732 τε
583 2670 692 2733 καὶ
741 2665 951 2733 πάλιν
994 2653 1206 2754 ἦλθεν
1254 2663 1365 2753 ἑὴν
1413 2666 1480 2743 ἐς
1524 2667 1824 2749 πατρίδα
1867 2680 2081 2751 γαῖαν.

81 2768 234 2833 mm,
274 2775 508 2851 μείνας
556 2769 629 2835 δὲ
673 2764 976 2856 κάκείνην
1035 2768 1151 2855 τὴν
1196 2765 1449 2855 ἡμέραν
1506 2772 1623 2854 τῆς
1678 2767 1998 2856 ἐπιούσης
2045 2762 2373 2857 ἆνηγό-29

153 2891 260 2954 μην
288 2875 417 2937 τῶν
448 2868 688 2956 ἡρώων
730 2870 1352 2957 παραπεμπόντων.
1431 2870 1604 2937 ε’νθα
1633 2897 1751 2954 μοι
1780 2874 1892 2937 καὶ
1930 2865 2284 2956 Οδυσσευς

154 2973 537 3055 προσελθών
584 2973 813 3061 λάθρᾳ
855 2977 973 3061 τῆς
1004 2972 1409 3061 Πηνελόπης
1454 2973 1733 3039 δίδωσιν
1779 2971 2141 3061 επιστολὴν
2188 2974 2284 3051 εἷς

147 3059 420 3159 Ωγυγίαν
465 3074 585 3162 τὴν
633 3078 830 3163 νῆσον
862 3077 1183 3157 Καλυψοῖ
1225 3073 1537 3156 κομίζειν.
1630 3078 2020 3159 συνέπεμψε
2064 3076 2135 3140 δέ
2164 3101 2283 3157 μοι

154 3169 180 3238 ὁ
202 3171 652 3261 Ῥαδάμανθυς
695 3175 813 3243 τὸν
856 3182 1180 3261 πορθμέα
1211 3176 1655 3257 Ναύπλιον,(
1640 3170 1725 3242 t'v'
1780 3176 1838 3242 εἰ
1877 3182 2283 3265 καταχθείη-

154 3301 250 3355 μεν
290 3305 354 3358 ες
398 3278 523 3357 τὰς
571 3278 827 3367 νήσους,
874 3280 1109 3367 μηδεὶς
1152 3275 1329 3367 ἡμᾶς
1374 3278 1669 3366 συλλάβῃ
1718 3271 1834 3344 άτε
1873 3272 2022 3344 κατ’
2077 3275 2283 3366 α’λλην

156 3375 456 3467 ἐμπορίαν
502 3383 1024 3460 καταπλέοντας.
1102 3380 1252 3448 ἐπεὶ
1287 3381 1359 3447 δὲ
1391 3379 1507 3447 τὸν
1539 3376 1752 3469 εὐώδη
1793 3375 1957 3464 ἆέρα
2002 3381 2282 3465 προϊόν-

153 3504 239 3559 τες
278 3484 883 3571 παρεληλύθειμεν,
933 3478 1167 3551 αὐτίκα
1208 3480 1382 3572 ἡμᾶς
1414 3478 1586 3569 ὀσμή
1622 3508 1694 3549 τε
1727 3483 1906 3573 δεινὴ
1954 3484 2283 3567 διεδέχετο

155 3582 271 3651 οἷον
315 3583 668 3675 ἀσφάλτου
713 3589 822 3653 καὶ
869 3593 1068 3653 θείου
1104 3591 1215 3653 καὶ
1263 3594 1506 3674 πίττης
1553 3579 1692 3670 ἅμα
1735 3592 2123 3668 καιομένων,
2170 3590 2283 3653 καὶ

154 3700 316 3754 κνῖσα
373 3691 445 3756 δὲ
506 3688 768 3776 πονηρὰ
825 3692 935 3755 καὶ
996 3682 1337 3778 ἀφόρητος
1400 3682 1631 3773 ὥσπερ
1691 3683 1817 3754 ἀπ’
1891 3683 2281 3776 ἀνθρώπων

156 3780 555 3875 ὀπτωμένων,
602 3795 714 3859 καὶ
760 3788 793 3858 ὃ
835 3787 960 3878 ἆὴρ
1009 3790 1288 3880 ζοφερὸς
1333 3795 1442 3859 καὶ
1492 3788 1884 3880 ὁμιχλώδης,
1931 3795 2042 3857 καὶ
2087 3795 2279 3856 κατέ-

158 3892 357 3972 σταζεν
403 3893 475 3972 ἐξ
518 3888 724 3961 αὐτοῦ
770 3893 1011 3980 δρόσος
1055 3900 1360 3982 πιττίνη·
1407 3887 1732 3982 ἠκούομεν
1764 3894 1834 3960 δὲ
1879 3896 1987 3959 καὶ
2035 3898 2277 3975 μαστί-

160 4016 265 4072 γων
294 3998 520 4086 ψόφον
551 4002 659 4064 καὶ
696 3996 992 4085 οἰμωγὴν
1038 3992 1427 4083 ἀνθρώπων
1474 3999 1763 4062 πολλῶν.
1843 4001 1942 4062 30.
1977 4008 2124 4071 ταῖς
2154 3993 2365 4076 μὲν30
