2800 4500
472 249 551 308 70
1362 253 1736 309 AorfflANffl·

458 419 689 508 σαφὴς
730 423 843 488 καὶ
891 424 1303 551 δημοκρατία
1345 426 1620 506 βέβαιος
1664 426 1776 490 καὶ
1820 423 2027 509 γάμοι
2073 416 2465 512 ἀνύβριστοι
2509 426 2619 490 καὶ

460 525 705 602 παῖδες
751 519 970 604 ἀδεεῖς
1012 528 1125 593 καὶ
1170 530 1514 610 παρθένοι
1557 518 1889 612 ασφαλεῖς
1917 528 2028 593 καὶ
2062 524 2470 613 ἑορτάζουσα
2500 524 2622 614 τὴν

459 625 684 716 κοινὴν
726 622 1031 710 εὐτυχίαν
1073 624 1114 716 ἡ
1164 627 1385 704 πόλις.
1475 633 1579 704 τίς
1627 652 1740 693 ουν
1786 654 1821 694 ο
1867 627 2121 694 τούτων
2158 625 2480 694 απάντων
2515 628 2622 694 αἵ-

448 754 639 812 ’τιος,·
681 736 785 807 τίς
826 726 863 795 ὁ
913 729 1130 797 ἐκεῖνα
1173 731 1294 813 μὲν
1336 728 1644 810 παύσας,
1703 727 1789 795 τὰ
1837 729 1910 796 δὲ
1964 735 2499 819 παρεσχημένος;
2563 730 2625 796 εἰ

456 832 585 918 γάρ
629 839 733 910 τίς
778 832 922 898 ἐστι
964 831 1098 920 πρὸ
1149 831 1312 916 ἐμοῦ
1355 835 1696 916 τιμᾶσθαι
1742 833 2030 914 δίκαιος,
2076 837 2458 922 παραχωρῶ
2505 837 2627 899 τοῦ

457 939 684 1019 γέρως,
732 932 1082 1017 ἐξίσταμαι
1115 937 1233 1022 τῆς
1265 933 1541 1017 δωρεᾶς.
1629 933 1690 999 εἰ
1723 934 1796 999 δὲ
1823 934 2032 1018 μόνος
2061 932 2185 1020 ἐγώ
2220 932 2451 1000 πάντα
2479 933 2625 1000 διε-

457 1034 816 1122 πραξάμην
870 1037 1162 1118 τολμῶν,
1219 1034 1643 1116 κινδυνεύων,
1714 1029 1951 1117 ἇνιών,
2021 1034 2351 1123 ἀναιρῶν,
2418 1035 2623 1103 κολά-

460 1137 616 1219 ζων,
678 1131 772 1204 δι’
828 1131 1131 1226 ἀλλήλων
1181 1137 1714 1223 τιμωρούμενος,
1775 1144 1846 1205 τί
1899 1164 2031 1223 μου
2092 1139 2478 1224 διαβάλλεις
2535 1137 2620 1204 τὰ

457 1239 993 1327 κατορθώματα,
1049 1247 1117 1307 τί
1161 1240 1234 1306 δὲ
1274 1233 1643 1325 ἀχάριστον
1689 1240 1863 1327 πρός
1904 1266 1989 1325 με
2033 1240 2151 1309 τὸν
2203 1242 2413 1325 δῆμον
2459 1267 2622 1308 ποι-

353 1353 423 1409 11
462 1356 558 1420 εἰς
615 1338 822 1424 εἶναι,·
893 1350 990 1410 11.
1037 1336 1186 1423 ,,Ού
1243 1367 1372 1428 γαρ
1420 1335 1623 1409 αὐτὸν
1670 1335 2045 1430 ἐφόνευσας
2099 1342 2219 1410 τὸν
2262 1343 2618 1428 τύραννον·

452 1441 490 1512 0‘
543 1445 614 1510 δὲ
659 1445 861 1527 νόμος
903 1444 1398 1531 τυραννοκτόνῳ
1446 1444 1686 1512 δίδωσι
1728 1443 1847 1534 τὴν
1878 1445 2195 1533 δωρεάν“.
2282 1451 2622 1534 Διαφέρει

450 1547 530 1612 δέ
571 1573 672 1627 τι,
733 1545 890 1612 ειπέ
931 1572 1084 1630 μοι,
1143 1536 1186 1636 ἢ
1234 1540 1438 1613 αὐτὸν
1484 1540 1741 1614 ἀνελεῖν
1782 1537 1825 1633 ἢ
1867 1551 1987 1614 τοῦ
2030 1547 2335 1614 θανάτου
2392 1574 2620 1634 παρα-

382 1670 387 1677 ‘
454 1663 635 1731 σχεῖν
679 1647 799 1736 τὴν
847 1648 1106 1732 αιτίαν,·
1163 1673 1287 1734 εγω
1334 1649 1456 1732 μὲν
1499 1648 1626 1735 γὰρ
1674 1643 1866 1716 ουδὲν
1914 1647 2137 1733 οἶμαι·
2199 1643 2372 1716 ἀλλὰ
2415 1654 2617 1719 τοῦτο

453 1751 658 1834 μόνον
703 1746 738 1816 ὅ
790 1755 1163 1839 νομοθέτης
1216 1747 1384 1831 εἶδε,
1444 1750 1562 1839 τὴν
1621 1744 2045 1838 ἐλευθερίαν,
2104 1751 2223 1841 τὴν
2282 1752 2618 1841 δημοκρα-

453 1860 637 1935 τίαν,
682 1852 801 1939 τὴν
846 1857 979 1919 τῶν
1027 1853 1262 1920 δεινῶν
1308 1846 1727 1940 ἀπαλλαγήν.
1816 1848 2005 1921 τοῦτ’
2055 1853 2364 1942 ἐτίμησε,
2419 1848 2608 1921 τοῦτ’

452 1952 643 2033 ἄξιον
690 1950 974 2042 ἆμοιβῆς
1017 1951 1388 2040 ὑπέλαβεν,
1436 1949 1607 2039 ὅπερ
1657 1950 1773 2023 οὐκ
1815 1946 1898 2021 ἂν
1939 1956 2167 2034 εἴποις
2210 1954 2298 2043 μὴ
2350 1950 2438 2023 δι’
2492 1950 2615 2040 ἐμὲ

451 2061 873 2144 γεγενῆσθαι.
965 2057 1024 2123 εἰ
1067 2056 1192 2142 γὰρ
1240 2056 1574 2145 ἐφόνευσα
1622 2050 1715 2124 δι’
1767 2056 1845 2123 ὃν
1889 2056 2139 2136 ἐκεῖνος
2171 2057 2281 2147 ζῆν
2315 2051 2433 2125 οὖκ
2462 2056 2614 2125 ἐδύ-

454 2185 633 2242 νατο,
681 2153 882 2238 αὐτὸς
928 2160 1288 2246 εἴργασμαι
1330 2158 1452 2245 τὴν
1492 2158 1776 2246 σφαγήν.
1866 2158 2025 2243 ἐμὸς
2053 2155 2090 2226 ὁ
2123 2160 2354 2247 φόνος,
2401 2159 2612 2250 ἡχεὶρ
2633 2180 2714 2230 148

452 2262 723 2330 ἐκείνου.
811 2262 901 2352 μὴ
949 2269 1174 2329 τοίνυν
1221 2256 1660 2348 ἀκριβολογοῦ
1706 2262 1804 2329 ἔτι
1848 2264 2003 2345 περὶ
2051 2266 2169 2330 τοῦ
2206 2262 2465 2348 τρόπου
2495 2267 2615 2353 τῆς

450 2368 756 2453 τελευτῆς
798 2365 966 2453 μηδὲ
1024 2363 1284 2445 ἐξέταζε
1343 2357 1535 2442 ὅπως
1595 2358 1944 2431 ἀπέθανεν
1958 2417 1976 2446 ,
2040 2358 2188 2430 ἀλλ’
2254 2365 2314 2432 εἰ
2372 2365 2605 2454 μηκέτ’

454 2469 654 2545 ἐστίν,
698 2467 761 2534 εἰ
807 2461 899 2536 δι’
953 2467 1067 2551 ἐμὲ
1097 2465 1172 2533 τὸ
1207 2460 1439 2554 μηκέτ’
1494 2463 1667 2533 εἶναι
1699 2465 1869 2548 ἔχει·
1919 2466 2069 2534 ἐπεὶ
2099 2461 2362 2534 κάκεῖνο
2394 2491 2615 2555 προσ-

452 2571 786 2650 εξετάσειν
829 2596 947 2654 μοι
1004 2571 1220 2647 δοκεῖς
1275 2571 1387 2635 καὶ
1445 2568 1974 2656 συκοφαντήσειν
2031 2569 2188 2648 τοὺς
2246 2564 2612 2656 εὐεργέτας,

452 2673 518 2740 εἴ
556 2698 661 2751 τις
703 2672 792 2761 μὴ
840 2674 1055 2759 ξίφει,
1115 2664 1285 2736 ἀλλὰ
1333 2672 1513 2756 λίθῳ
1557 2660 1602 2756 ἢ
1649 2669 1821 2756 ξύλῳ
1879 2661 1922 2755 ἢ
1980 2666 2162 2757 ἄλλῳ
2220 2697 2315 2757 τῳ
2372 2672 2613 2758 τρόπῳ

451 2769 819 2843 ἀπέκτεινε.
907 2780 976 2840 τί
1021 2773 1124 2854 δὲ,
1187 2771 1246 2838 εἰ
1293 2774 1470 2857 λιμῷ
1524 2766 2051 2860 εξεπολιόρκησα
2111 2772 2229 2839 τὸν
2289 2773 2614 2902 τύραννον

449 2876 569 2967 τὴν
614 2871 905 2964 ἀνάγκην
946 2878 1065 2961 τῆς
1109 2876 1417 2960 τελευτῆς
1462 2879 1795 2962 παρέχων,
1839 2868 2127 2963 ἆπῄτεις
2173 2902 2253 2942 αν
2298 2879 2411 2944 καὶ
2456 2872 2614 2944 τότε

450 2974 619 3102 παρ’
673 2977 834 3062 εμοῦ
881 2971 1231 3063 αὐτόχειρα
1275 2975 1393 3065 τὴν
1437 2976 1726 3064 σφαγήν,
1773 2966 1816 3063 ἢ
1862 2976 2070 3045 ἐνδεῖν
2118 2977 2333 3063 ἔλεγές
2378 2985 2499 3062 μοί
2542 3005 2613 3046 τι

450 3081 626 3171 πρὸς
682 3080 799 3148 τὸν
858 3078 1092 3163 νόμον,
1151 3080 1266 3145 καὶ
1322 3082 1570 3160 ταῦτα,
1624 3079 2095 3167 χαλεπώτερον
2151 3083 2271 3146 τοῦ
2326 3080 2612 3168 κακούρ-

447 3210 565 3272 γου
640 3186 1143 3270 πεφονευμένου
1158 3210 1180 3263 ,·
1252 3182 1322 3247 ἓν
1387 3175 1597 3264 μόνον
1666 3180 1955 3263 ἐξέταζε,
2030 3185 2227 3248 τοῦτο
2301 3176 2610 3264 ἀπαίτει,
2628 3198 2707 3248 149

449 3290 650 3356 τοῦτο
695 3282 1282 3370 πολυπραγμόνει,
1327 3288 1433 3360 τίς
1477 3285 1611 3350 τῶν
1659 3287 1970 3372 πονηρῶν
2016 3285 2356 3362 λείπεται,
2419 3275 2460 3373 ἢ
2504 3290 2611 3363 τίς

449 3388 645 3465 ἐλπὶς
688 3391 809 3454 τοῦ
854 3386 1072 3475 φόβου
1116 3375 1159 3471 ἢ
1215 3391 1285 3452 τί
1340 3381 1709 3474 ὑπόμνημα
1766 3389 1900 3452 τῶν
1959 3390 2359 3475 συμφορῶν,·
2415 3388 2479 3454 εἰ
2536 3388 2610 3454 δὲ

447 3488 722 3575 καθαρὰ
789 3488 1015 3556 πάντα
1080 3490 1192 3554 καὶ
1262 3487 1588 3575 εἰρηνικά,
1660 3488 2232 3576 συκοφαντοῦντός
2300 3489 2446 3557 ἐστι
2513 3492 2611 3576 τῷ

442 3592 682 3679 τρόπῳ
747 3594 881 3658 τῶν
945 3594 1435 3676 πεπραγμένων
1485 3588 1825 3674 χρώμενον
1879 3584 2282 3676 ἀποστερεῖν
2341 3591 2610 3659 ἐθέλειν

350 3710 422 3766 12
449 3693 569 3782 τὴν
615 3693 731 3762 ἐπὶ
786 3707 929 3772 τοῖς
983 3697 1483 3781 πεπονημένοις
1540 3691 1817 3774 δωρεάν.
1911 3699 2009 3760 12.
2057 3692 2181 3781 ἐγώ
2239 3697 2352 3762 καὶ
2409 3699 2609 3761 τοῦτο

448 3803 787 3885 μέμνημαι
833 3797 1339 3884 διηγορευμένον
1386 3794 1455 3861 ἓν
1500 3808 1645 3872 τοῖς
1687 3794 1952 3878 νόμοις,
2015 3793 2201 3873 ἐκτὸς
2247 3795 2307 3862 εἰ
2350 3794 2442 3884 μὴ
2493 3795 2609 3864 διὰ

447 3899 566 3987 τὴν
611 3897 867 3984 πολλὴν
912 3899 1221 3965 δουλείαν
1264 3896 1716 3984 ἐπιλέλησμαι
1758 3900 1892 3962 τῶν
1938 3895 2005 3963 ἐν
2051 3890 2281 3975 αὐτοῖς
2342 3898 2612 3987 εἰρημέ-

451 4027 602 4081 νων,
647 4000 871 4078 αἰτίας
912 4000 1219 4066 θανάτου
1265 3995 1440 4065 εἶναι
1485 3998 1733 4078 διττάς,
1788 3998 1855 4064 εἲ
1892 4023 1997 4077 τις
2044 3993 2243 4077 αὐτὸς
2289 3993 2611 4070 ἀπέκτει-
