2800 4500
756 255 890 309 1102
926 257 1035 308 ΔΕΙ
1069 255 1369 309 ΙΣΤΟΡΙΑΝ
1405 257 1828 310 ΣΥΓΓΡΑΦΕΙΝ.
2285 255 2361 313 21

205 422 240 491 0‘
292 424 585 509 κωμικός
633 448 836 512 φησι,
893 423 979 489 τὰ
1025 428 1191 490 σῦκα
1248 428 1445 505 σῦκα,
1503 426 1620 512 τὴν
1677 424 1940 513 σκάφην
1986 425 2058 491 δὲ
2104 424 2366 512 σκάφην

130 541 184 589 55
207 520 579 610 ὀνομάζων,
626 520 704 593 οῦ
734 534 922 609 μίσει
952 553 1028 592 οι
1003 520 1146 593 3·δὲν
1174 552 1249 593 οι·
1226 521 1346 593 ’δὲ
1366 530 1569 614 φιλίᾳ
1613 531 1828 610 νέμων
1860 521 2011 593 οῦδὲ
2045 526 2366 653 φειδόμε-

206 653 319 706 νος
367 619 408 717 ἢ
468 628 667 695 ἐλεῶν
722 618 763 716 ἢ
821 628 1292 711 αἰσχυνόμενος
1348 618 1390 714 ἢ
1449 628 1997 711 δυσωπούμενος,
2059 627 2207 705 ι’σος
2263 628 2366 696 δι-

203 730 475 816 καστής,
524 725 752 808 εὔνους
796 723 1055 797 άπασιν
1102 755 1254 816 αχρι
1297 733 1417 796 τοῦ
1459 729 1549 818 μὴ
1599 734 1871 816 θατέρῳ
1899 756 1968 796 τι
1999 724 2368 813 ἀπονεῖμαι

203 836 420 900 πλέον
477 836 597 900 τοῦ
653 832 952 911 δέοντος,
1013 832 1196 910 ξένος
1251 831 1320 899 ἐν
1380 845 1524 911 τοῖς
1578 835 1872 917 βιβλίοις
1928 834 2039 898 καὶ
2098 826 2365 911 ἄπολις,

205 928 616 1018 αὐτόνομος,
677 927 1278 1018 ἀβασίλευτος,ου
1321 939 1392 1000 τί
1436 924 1697 1019 τῷδε
1655 961 1693 1020 η
1738 933 1914 1019 τῷδε
1957 932 2139 1010 δόξει
2185 935 2365 1017 λογι-

206 1036 505 1120 ζόμενος,
552 1030 721 1101 ἀλλὰ
764 1042 835 1102 τί
878 1040 1265 1120 πέπρακται
1310 1037 1538 1121 λέγων.
1627 1041 1731 1102 42.
1776 1031 1812 1102 6
1847 1030 1912 1100 6'
1964 1020 2079 1101 οῦν
2115 1039 2366 1101 Θουκυ-
2390 1044 2464 1099 42

206 1139 402 1225 δίδης
449 1136 519 1204 εὖ
577 1137 763 1222 μάλα
818 1131 1002 1203 τοῦτ
1069 1136 1523 1227 ἐνομοθέτησε
1577 1141 1690 1204 καὶ
1749 1137 2067 1222 διέκρινεν
2127 1130 2367 1224 ἀρετὴν

206 1244 319 1308 καὶ
388 1246 626 1306 κακίαν
691 1239 1172 1326 συγγραφικήν,
1246 1236 1426 1324 ὅρων
1491 1238 1788 1323 μάλιστα
1853 1237 2367 1321 θαυμαζόμενον

204 1342 324 1409 τὸν
366 1340 762 1427 ίΗρόδοτον,
811 1367 962 1426 αχρι
1004 1345 1125 1408 τοῦ
1167 1344 1281 1408 καὶ
1325 1341 1617 1419 Μούσας
1658 1343 1992 1428 κληθῆναι
2039 1335 2241 1407 αύτοῦ
2284 1366 2367 1406 τα

202 1446 476 1530 βιβλία·
535 1447 753 1532 κτῆμα
795 1442 919 1529 γάρ
965 1466 1136 1530 φησι
1178 1444 1435 1526 μᾶλλον
1481 1442 1548 1521 ἐς
1593 1436 1699 1508 ἀεὶ
1745 1442 2151 1530 συγγράφειν
2193 1438 2367 1526 ὕπερ

206 1549 273 1626 ἐς
318 1547 401 1615 τὸ
451 1546 674 1632 παρὸν
721 1541 1087 1630 ἀγώνισμα,
1130 1548 1244 1611 καὶ
1285 1545 1376 1633 μὴ
1421 1544 1497 1611 τὸ
1547 1545 1863 1628 μυθωδες
1909 1539 2366 1623 ἀσπάζεσθαι,

206 1645 387 1716 ἀλλὰ
464 1648 584 1735 τὴν
660 1642 989 1775 ἀλήθειαν
1052 1652 1187 1712 τῶν
1249 1650 1694 1734 γεγενημένων
1761 1646 2163 1713 ἀπολείπειν
2226 1659 2371 1723 τοῖς

206 1747 512 1835 ύστερον.
600 1754 712 1817 καὶ
757 1749 995 1834 ἐπάγει
1038 1748 1115 1815 τὸ
1164 1749 1490 1834 χρήσιμον
1546 1752 1658 1816 καὶ
1703 1747 1741 1816 ὃ
1786 1751 1977 1826 τέλος
2022 1775 2103 1814 αν
2146 1772 2252 1825 τις
2297 1745 2366 1813 εὖ

130 1874 187 1922 56
208 1879 386 1943 ‹spo›
392 1858 484 1920 ῶν
514 1849 854 1919 ῦπόθοιτο
888 1852 1207 1937 ιστορίας,
1255 1847 1346 1928 ὦς
1376 1850 1445 1918 εἴ
1470 1876 1643 1918 ποτε
1668 1854 1779 1918 καὶ
1814 1835 2019 1928 αυθις
2047 1849 2133 1916 τὰ
2165 1842 2370 1934 όμοια

206 1955 618 2040 καταλάβοι,
676 1953 917 2035 ἔχοιεν,
976 1959 1176 2042 φησί,
1234 1952 1410 2038 πρὸς
1451 1952 1536 2018 τά
1589 1957 2145 2040 προγεγραμμένα
2191 1947 2367 2019 ἀπο-

207 2060 582 2142 βλέποντες
627 2041 696 2121 εῦ
738 2059 1038 2143 χρῆσθαι
1080 2069 1223 2131 τοῖς
1253 2054 1320 2120 ἐν
1352 2060 1540 2121 ποσί.
1618 2062 1718 2124 43.
1759 2057 1868 2121 καὶ
1900 2053 2021 2143 τὴν
2050 2055 2172 2138 μὲν
2202 2053 2369 2139 γνώ-
2391 2061 2470 2117 43

212 2187 343 2249 μην
393 2157 708 2245 τοιαύτην
753 2156 918 2239 ἔχων
962 2153 996 2222 6
1048 2155 1460 2244 συγγραφεὺς
1503 2153 1715 2244 ἡκέτω
1758 2182 1897 2243 μοι,
1942 2156 2062 2243 τὴν
2108 2156 2180 2222 δὲ
2224 2181 2370 2239 φω-

216 2263 333 2349 νὴν
381 2264 492 2329 καὶ
537 2259 658 2349 τὴν
699 2263 816 2345 τῆς
861 2258 1211 2345 ἑρμηνείας
1257 2258 1473 2340 ἰσχύν,
1524 2258 1644 2348 τὴν
1686 2259 1808 2341 μὲν
1854 2257 2158 2346 σφοδρὰν
2204 2258 2370 2324 ἐκεί-

215 2392 331 2454 νην
381 2367 494 2430 καὶ
536 2363 864 2447 κάρχαρον
907 2363 1019 2428 καὶ
1066 2366 1298 2446 συνεχῆ
1341 2375 1491 2439 ταῖς
1535 2360 1883 2446 περιόδοις
1926 2364 2040 2427 καὶ
2086 2354 2370 2448 ἀγκύλην

215 2482 370 2545 ταῖς
417 2465 873 2553 ἐπιχειρήσεσι
915 2467 1027 2540 καὶ
1071 2463 1190 2553 τὴν
1236 2460 1440 2551 ἄλλην
1467 2467 1586 2552 τῆς
1629 2464 1980 2553 ῥητορείας
2023 2463 2372 2552 δεινότητα

214 2568 302 2655 μὴ
353 2567 599 2653 κομιδῇ
643 2570 1051 2654 τεθηγμένος
1108 2560 1423 2651 ἀρχέσθω
1466 2570 1585 2653 τῆς
1627 2569 1923 2654 γραφῆς,
1986 2559 2138 2631 ἀλλ,>
2192 2566 2370 2654 εἰρη-

216 2670 577 2755 νικώτερον
644 2669 1077 2751 διακείμενος.
1178 2671 1290 2734 καὶ
1346 2664 1381 2733 6
1441 2669 1564 2751 μὲν
1622 2672 1773 2744 νοῦς
1834 2663 2144 2751 εὔστοχος
2199 2668 2370 2734 ἔστω

215 2776 328 2840 καὶ
376 2770 646 2850 πυκνός,
691 2766 940 2855 ἡλέξις
965 2769 1049 2852 ,δὲ
1076 2767 1306 2856 ’σαφὴς
1348 2771 1462 2835 καὶ
1506 2769 1840 2855 πολιτική,
1887 2770 2001 2836 οἵα
2045 2769 2372 2857 ἐπισημό-

215 2901 391 2940 τατα
439 2873 680 2960 δηλοῦν
722 2870 798 2937 τὸ
844 2867 1304 2953 ὑποκείμενον.
1393 2877 1498 2938 44.
1545 2867 1638 2948 ὥς
1679 2870 1805 2956 γὰρ
1859 2876 1938 2957 τῇ
1982 2872 2207 2958 γνώμῃ
2252 2875 2372 2938 τοῦ
2396 2883 2473 2937 44

220 2978 659 3062 συγγραφέως
732 2971 1028 3050 σκοποὺς
1099 2968 1510 3055 ὑπεθέμεθα
1584 2979 1966 3060 παρρησίαν
2033 2977 2144 3041 καὶ
2211 2969 2373 3059 ἀλή-

220 3083 446 3156 θειαν,
494 3067 669 3141 οῧτω
715 3074 788 3141 δὲ
831 3078 944 3142 καὶ
988 3077 1072 3161 τῇ
1117 3078 1309 3161 φωνῇ
1356 3068 1559 3140 αὐτοῦ
1591 3073 1686 3152 εἶς
1730 3073 1986 3153 σκοπὸς
2016 3071 2051 3141 6
2087 3079 2374 3160 πρῶτος,

144 3195 197 3244 57
220 3182 463 3267 σαφῶς
493 3178 794 3267 δηλῶσαι
821 3179 935 3244 καὶ
965 3176 1316 3263 φανότατα
1361 3174 1732 3269 ἐμφανίσαι
1760 3177 1834 3242 τὸ
1869 3181 2165 3261 πρᾶγμα,
2209 3177 2377 3263 μήτε

222 3276 643 3369 ἀπορρήτοις
685 3283 796 3347 καὶ
844 3277 970 3357 ἔξω
1022 3277 1243 3345 πάτου
1300 3274 1590 3362 ὀνόμασι
1632 3279 1799 3367 μήτε
1840 3293 1983 3356 τοῖς
2028 3273 2375 3365 ἀγοραίοις

219 3382 488 3459 τούτοις
530 3385 640 3449 καὶ
684 3383 1110 3468 καπηλικοῖς,
1171 3373 1322 3445 ἀλλ’
1375 3377 1467 3457 ὥς
1508 3382 1630 3464 μὲν
1672 3361 1831 3459 τοῦς
1881 3381 2175 3460 πολλοὺς
2221 3405 2374 3447 συν-

224 3498 429 3564 εῖναι,
486 3482 643 3561 τούς
695 3484 768 3550 δὲ
828 3483 1405 3566 πεπαιδευμένους
1461 3482 1836 3550 ἐπαινέσαι.
1923 3486 2035 3550 καὶ
2092 3484 2221 3570 μὴν
2264 3486 2374 3550 καὶ

225 3586 512 3672 σχήμασι
578 3584 1023 3673 κεκοσμήσθω
1091 3579 1505 3667 ἀνεπαχθέσι
1560 3588 1671 3652 καὶ
1726 3585 1801 3652 τὸ
1863 3579 2377 3674 ἀνεπιτήδευτον

224 3686 518 3770 μάλιστα
563 3687 854 3770 ἔχουσιν·
903 3685 1054 3753 ἐπεὶ
1099 3699 1241 3764 τοῖς
1269 3683 1359 3772 μὴ
1409 3692 1921 3774 κατηρτυμένοις
1964 3691 2096 3753 τῶν
2143 3687 2376 3770 ζωμῶν

228 3787 536 3875 ἐοικότας,
588 3782 938 3876 ἀποφανεῖ
991 3786 1145 3866 τοῦς
1205 3788 1459 3874 λόγους.
1550 3797 1652 3856 45.
1711 3792 1822 3856 καὶ
1880 3785 1918 3875 ἦ
1976 3790 2097 3874 μὲν
2151 3788 2374 3876 γνώμη
2400 3806 2478 3861 45

226 3895 621 3958 κοινωνείτω
665 3893 780 3957 καὶ
823 3894 1338 3975 προσαπτέσθω
1368 3916 1438 3956 τι
1466 3892 1577 3956 καὶ
1609 3895 1978 3980 ποιητικῆς,
2024 3883 2182 3977 παρ’
2217 3883 2377 3957 ὅσον

228 3991 676 4079 μεγαληγόρος
718 3994 827 4057 καὶ
876 3992 1189 4080 διηρμένη
1236 3994 1347 4058 καὶ
1393 3990 1636 4078 ἐκείνη,
1695 3996 1806 4059 καὶ
1859 3986 2150 4075 μάλισθ’
2204 3988 2378 4059 ὁπό-
