2800 4500
593 307 909 369 QUOMODO
946 307 1247 362 HISTORIA
1286 307 1386 362 sl'r
1425 308 1929 362 CONSCRIBENDA.
2209 304 2330 365 307

395 483 617 542 diorem
663 487 862 545 tamen
904 501 1083 560 posse
1129 487 1252 543 arte
1298 500 1408 542 sua
1448 482 1772 543 adfirmant.
1862 482 2035 555 Quod
2076 486 2127 544 si
2169 488 2332 545 recte

393 583 534 663 vidi,
579 583 727 644 nihil
758 589 848 644 est
877 584 1035 660 quod
1061 589 1349 644 mutemus
1393 602 1589 659 neque
1618 603 1727 661 pro
1764 591 1899 647 τῶν
1944 581 2331 665 προσόντων

392 687 765 747 scribendum
796 694 930 750 τῶν
960 683 1054 766 μὴ
1086 682 1493 767 προσόντων,
1523 686 1844 746 tollendum
1877 691 2069 746 autem
2099 689 2333 765 signum

349 842 362 857 ,
386 790 863 866 interrogationis
894 792 1029 865 post
1051 785 1380 868 χρήσιμον.
1436 786 1829 865 (Quamquam
1851 807 1961 864 pro
1984 785 2150 853 α’λλά
2181 814 2330 854 που

387 888 464 956 τὸ
487 899 598 973 τῆς
621 894 843 972 τέχνης
865 887 1179 972 χρήσιμον
1213 893 1489 967 quoniam
1518 909 1636 951 non
1665 893 1808 951 satis
1838 891 2118 967 ponderis
2149 891 2333 952 habet

386 995 534 1054 illud
578 1016 734 1073 που,
781 996 984 1054 nescio
1027 1013 1103 1053 an
1146 993 1521 1054 scribendum
1563 995 1640 1053 sit
1669 990 1828 1056 ἀλλ’
1858 989 2054 1056 αὐτὸ
2099 990 2175 1057 τὸ
2219 1001 2329 1074 τῆς

384 1099 605 1179 τέχνης
648 1148 661 1161 .
698 1147 711 1161 .
748 1148 761 1160 .
807 1092 1119 1178 χρήσιμον
1162 1098 1274 1156 sed
1314 1104 1511 1158 tamen
1557 1098 1694 1171 ipsa
1738 1098 1848 1157 illa
1890 1112 1995 1156 ars
2035 1099 2202 1158 utilis
2242 1105 2332 1158 est

388 1202 475 1260 ad
504 1244 519 1259 .
552 1243 568 1259 .
602 1208 641 1272 .)
671 1234 752 1244 —-
785 1197 930 1263 οἶόν
960 1224 1020 1262 τι
1066 1196 1278 1274 ἀμέλει
1322 1204 1430 1261 καὶ
1472 1195 1664 1274 Ἰκκος
1706 1203 1812 1261 καὶ
1842 1194 2178 1279 ζΗρόδικος
2221 1205 2328 1261 καὶ

392 1304 571 1366 Θέων
615 1299 757 1380 οὐχ
800 1297 1191 1380 ὑπόσχοιντο
1238 1297 1319 1363 ἄν
1352 1317 1453 1365 σοι
1485 1324 1616 1364 που
1662 1296 1778 1364 τὸν
1808 1305 2166 1382 Περδίκκαν
2210 1325 2328 1364 πα-

384 1398 778 1482 ραλαβόντες
813 1451 826 1464 .
862 1452 875 1465 .
912 1452 924 1465 .
963 1399 1352 1478 ἀποφαίνειν
1403 1398 1888 1481 Ὀλυμπιονίκην
1915 1396 1938 1485 Ι
1964 1400 2328 1478 Scripseram

385 1508 444 1564 et
484 1506 614 1581 ipse
659 1505 721 1562 in
767 1504 1022 1564 editione
1066 1521 1201 1563 mea
1245 1501 1386 1581 οὐχ
1447 1498 1838 1581 ὑπόσχοιντο
1884 1554 1896 1566 .
1935 1554 1948 1567 .
1984 1555 1996 1567 .
2048 1502 2327 1582 ἀποφαί-

379 1629 531 1669 νειν.
598 1605 716 1666 Sed
747 1624 877 1665 cum
907 1624 1107 1666 omnes
1137 1603 1266 1665 fere
1313 1604 1551 1665 codices
1581 1606 1697 1665 hoc
1726 1607 1859 1666 loco
1891 1608 2157 1666 omittant
2186 1605 2323 1686 ου’χ,

380 1709 536 1767 malo
579 1709 696 1766 iam
742 1726 875 1766 cum
917 1707 1244 1767 Fritzschio
1291 1707 1408 1766 alio
1453 1707 1585 1766 loco
1629 1708 1892 1766 inserere
1947 1710 2324 1784 negationem

267 1830 272 1833 ⁴
382 1827 536 1885 quae
560 1810 772 1869 abesse
792 1827 911 1869 non
932 1813 1147 1887 potest,
1178 1813 1243 1868 ut
1264 1810 1351 1868 sic
1380 1808 1673 1867 scribatur
1702 1804 2092 1887 ὑπόσχοιντο
2117 1806 2198 1873 ἄν
2223 1827 2326 1873 σοι

380 1907 472 1974 οὐ
500 1908 617 1975 τὸν
648 1914 779 1989 (pro
810 1918 940 1974 ποῦ
970 1908 1087 1974 τὸν
1115 1912 1214 1971 vel
1243 1916 1508 1984 τοῦτον)
1537 1904 1735 1986 (Qus
1748 1911 1939 1985 Harl.)
1969 1916 2325 1991 Περδίκκαν

378 2010 903 2095 παραλαβόντες.
940 2065 952 2077 .
991 2064 1003 2077 .
1054 2011 1444 2091 ἀποφαίνειν
1483 2010 1968 2092 Ὀλυμπιονίκην
1998 2064 2010 2076 .
2047 2063 2059 2076 .
2095 2064 2108 2077 .
2158 2009 2323 2077 α’λλὰ

376 2114 493 2197 τὴν
538 2121 841 2180 δοθεῖσαν
902 2112 1215 2179 ὑπόθεσιν
1261 2149 1342 2160 -—
1388 2113 1599 2193 εὐφυᾶ
1643 2166 1655 2179 .
1693 2166 1705 2178 .
1743 2167 1754 2178 .
1805 2112 2190 2191 ἀποφαίνειν
2237 2148 2322 2158 -

377 2216 506 2283 διὰ
550 2226 799 2283 ταῦτα
829 2215 849 2300 ΙΙ
877 2216 982 2282 δι’
1020 2214 1215 2282 αὐτὸ
1245 2219 1344 2278 Fr.
1391 2254 1472 2263 —-
1518 2213 1683 2282 α’λλὰ
1726 2213 1811 2298 μὴ
1844 2214 2156 2296 Ἀντίοχος
2201 2269 2213 2281 .
2251 2268 2264 2281 .
2299 2268 2315 2283 .

377 2323 617 2402 ἐκείνης
645 2319 666 2405 ΙΙ
695 2325 747 2398 [J
779 2321 941 2382 det.
1017 2321 1170 2382 Satis
1203 2327 1331 2381 erat
1369 2323 1556 2397 priori
1583 2322 1715 2381 loco
1746 2323 1993 2381 alterum
2026 2322 2099 2380 ab
2131 2322 2321 2382 altero

372 2425 665 2486 Perdicca
708 2425 1046 2485 distinxisse
1090 2459 1173 2469 —-
1218 2421 1301 2488 οὗ
1329 2421 1450 2504 γὰρ
1482 2421 1791 2487 ὁντινοῦν
1835 2419 2321 2504 παραλαβόντες

375 2524 867 2604 α’ποφαίνειν
925 2528 1292 2607 συγγραφέα
1344 2528 1554 2603 φαμέν
1597 2523 1616 2606 ΙΙ
1661 2522 2127 2602 ἀποφανεῖν
2174 2524 2317 2587 Cob.

176 2645 219 2687 c.
247 2633 339 2689 37.
372 2635 478 2691 καὶ
522 2635 749 2693 τοίνυν
795 2635 901 2691 καὶ
931 2627 1082 2708 ἡμῖν
1112 2625 1411 2704 τοιοῦτός
1440 2652 1536 2704 τις
1580 2624 1617 2690 ὃ
1646 2624 1934 2708 μαθητὴς
1964 2635 2087 2690 νῦν
2118 2651 2321 2708 παρα-

373 2728 683 2809 δεδόσθω,
731 2738 1019 2794 συνεῖναί
1049 2753 1117 2794 τε
1147 2735 1253 2792 καὶ
1299 2735 1498 2793 εἰπεῖν
1545 2727 1665 2795 οὐκ
1712 2725 1982 2811 α’γεννής
2026 2781 2039 2794 .
2075 2781 2087 2794 .
2124 2781 2137 2794 .
2187 2735 2319 2793 καὶ

373 2829 699 2913 γνώμην
758 2829 1359 2914 στρατιωτικὴν
1407 2828 1607 2896 α’λλά
1650 2828 1847 2907 μετὰ
1900 2841 2037 2913 τῆς
2093 2841 2317 2897 πολι·

372 2942 600 3014 τικῆς
644 2939 775 2997 καὶ
822 2936 1253 3014 ἐμπειρίαν
1300 2930 1856 3015 στρατηγικὴν
1903 2929 2160 3017 ἔχεινΙ
2198 2986 2211 2999 .
2248 2987 2260 2999 .
2297 2987 2311 2999 .

374 3034 572 3100 α’λλὰ
619 3043 724 3099 καὶ
770 3034 1031 3118 γνώμην
1078 3055 1166 3101 στ.
1230 3034 1385 3114 μετὰ
1431 3062 1481 3101 τ.
1531 3045 1659 3101 πολ
1692 3088 1704 3100 .
1741 3088 1753 3101 .
1791 3088 1803 3100 .
1841 3088 1853 3100 .
1906 3038 2103 3116 ἒχων
2149 3036 2313 3097 det.

373 3139 470 3200 Sic
513 3140 803 3216 probante
848 3141 945 3200 Fr.
1002 3143 1341 3216 transposui
1397 3140 1599 3200 verba.
1687 3138 1881 3215 Saepe
1941 3142 2092 3199 enim
2151 3134 2316 3202 α’λλά

373 3247 478 3304 καὶ
509 3260 628 3302 non
656 3242 1052 3319 praecedente
1085 3240 1167 3306 οὗ
1195 3240 1405 3318 μόνον
1441 3247 1688 3318 usurpat
1715 3242 2013 3301 Lucianus
2043 3246 2108 3299 ut
2134 3243 2315 3318 signi-

372 3342 512 3403 ficet
556 3346 739 3423 „quin
784 3342 999 3405 etiam“
1037 3376 1122 3387 ·--
1164 3350 1271 3407 καὶ
1303 3340 1473 3406 ὅπλα
1506 3340 1685 3418 εἰδὼς
1729 3347 1834 3405 καὶ
1878 3338 2315 3422 μηχανήματα,

45 3497 46 3524 Ι
372 3446 484 3509 ἔτι
516 3449 771 3510 δὲκαὶ.
809 3498 821 3510 .
859 3442 925 3527 ,ΙΙ
968 3451 1074 3509 καὶ
1116 3442 1533 3526 μηχανήματα
1580 3444 1659 3508 οἷ
1672 3468 1710 3507 α
1755 3425 1875 3507 καὶ.
1956 3444 2116 3504 det.
2164 3444 2317 3505 duce

45 3541 48 3624 Ι
372 3548 513 3609 Cod.
559 3543 652 3626 Ἃ,
710 3549 812 3624 qui
861 3547 1042 3608 habet
1097 3543 1298 3611 ὥνια
1354 3553 1415 3607 et
1459 3546 1642 3607 Codd.
1686 3546 1741 3605 A
1786 3542 1939 3626 521⁷,
1997 3549 2056 3605 in
2103 3547 2315 3623 quibus

371 3650 544 3713 ἔνια
586 3668 696 3726 pro
728 3650 816 3713 ἔτι
848 3653 926 3714 δὲ.
1008 3649 1094 3710 Cf.
1143 3669 1195 3708 c.
1245 3652 1322 3709 29
1373 3647 1528 3712 ἀλλ’
1565 3647 1714 3713 οὐδὲ
1760 3646 1930 3713 ὅπλα
1974 3645 2217 3725 ἐκεῖνός
2246 3673 2316 3728 γε

370 3749 501 3832 ᾔδει
535 3749 684 3815 οῦδὲ
712 3748 1238 3832 μηχανήματα
1286 3748 1417 3815 οἷά
1449 3753 1635 3816 ἐστιν.
1714 3753 1872 3812 Baar
1898 3747 2315 3832 μηχανήματα

370 3867 666 3918 παντοῖα.
701 3854 797 3915 Fr.
828 3849 1301 3934 μηχανημάτων
1334 3857 1522 3917 ἰδέαν.
1575 3887 1655 3897 -
1702 3851 2152 3931 ἐξελαύνειν
2196 3905 2209 3918 .
2242 3902 2260 3920 .
2290 3906 2306 3920 .

373 3952 922 4038 περιελαίνειν
965 3953 984 4039 ΙΙ
1028 3959 1573 4034 ἐξελίττειν...
1625 3963 2121 4037 περιελίττειν
2167 3956 2311 4016 Cob.

180 4058 339 4117 c.38.
371 4055 535 4122 αλλὰ
579 4054 664 4136 μὴ
698 4061 939 4133 μελέτω
986 4057 1166 4144 αὐτῷ
1210 4056 1362 4139 ιιήτε
1414 4066 1730 4134 Φίλιππος
1775 4110 1787 4122 .
1825 4111 1837 4123 .
1873 4110 1885 4122 .
1937 4055 2139 4121 ἀλλὰ
2183 4082 2314 4122 τοι-

1914 4159 2010 4209 20*
