2800 4500
960 247 1112 300 ΠΕΡΙ
1151 247 1510 301 ΟΡΧΗΣΕΩΣ.
2186 246 2305 304 129

103 426 277 481 268ναι
313 418 433 499 μὲν
478 429 622 494 τοῖς
667 408 794 483 choi
839 416 1074 500 μόνοις
1119 415 1591 500 ἐπεβούλευον,
1637 419 1747 483 καὶ
1796 415 1910 483 διὰ
1953 419 2150 484 τοῦτο
2193 443 2309 506 κη-

181 521 280 600 ροῦ
320 517 550 607 ἐδέησε
595 516 767 603 πρὸς
822 517 938 587 τὸν
996 518 1404 606 παράπλουν
1462 512 1708 585 αὐτῶν·
1770 516 1849 585 σὺ
1909 517 1981 585 δὲ
2036 522 2149 585 καὶ
2207 513 2301 585 δι’

180 612 542 705 ὀφθαλμῶν
586 619 808 698 ἔοικας
852 614 1009 699 ὅλος
1054 620 1544 689 δεδουλῶσθαι.

326 728 387 788 4.
432 730 656 789 ΛΥΚ.
702 729 971 805 Παπαῖ,
1017 708 1072 788 ὦ
1103 723 1409 809 Κράτων,
1455 718 1548 801 ὥς
1589 721 1918 807 κάρχαρόν
1961 745 2113 788 τινα
2157 720 2305 788 ἔλυ-
2339 717 2377 772 4

180 843 281 899 σας
326 816 427 911 ἐφ’
479 819 654 909 ἡμᾶς
699 823 816 892 τὸν
860 828 1108 892 σαυτοῦ
1152 825 1335 892 κύνα.
1403 823 1581 911 πλὴν
1625 824 1701 891 τό
1747 848 1821 910 γε
1879 823 2309 910 παράδειγμα

180 922 277 1010 τὴν
325 927 463 991 τῶν
505 924 955 1013 Λωτοφάγων
1010 928 1123 993 καὶ
1167 926 1503 1014 Σειρήνων
1559 924 1785 993 εἰκόνα
1840 925 2019 992 πάνυ
2074 921 2310 1010 ὅμοιο-

180 1026 361 1113 τάτην
405 1052 528 1110 μοι
571 1027 788 1105 δοκεῖς
834 1027 1166 1117 εἰρηκέναι
1209 1021 1303 1094 ὦν
1347 1032 1707 1108 πέπονθα,
1754 1020 1910 1114 παρ’
1963 1020 2123 1095 όσον
2168 1041 2311 1104 τοῖς

183 1128 281 1209 μὲν
325 1132 446 1195 τοῦ
496 1131 715 1195 λωτοῦ
757 1134 1190 1214 γευσαμένοις
1231 1132 1341 1197 καὶ
1388 1133 1524 1197 τῶν
1567 1129 1900 1216 Σειρήνων
1945 1122 2311 1196 ἀκούσασιν

182 1223 450 1319 ὄλεθρος
514 1215 595 1318 ἦν
658 1233 776 1319 τῆς
837 1254 912 1296 τε
978 1230 1227 1318 ἐδωδῆς
1290 1234 1403 1299 καὶ
1460 1234 1578 1317 τῆς
1637 1225 2018 1353 ἀκροάσεως
2071 1256 2310 1298 τουπι-

182 1337 402 1415 τίμιον,
451 1331 601 1417 ἐμοὶ
649 1331 722 1398 δὲ
766 1331 942 1418 πρὸς
986 1336 1083 1418 τῷ
1126 1331 1245 1422 τὴν
1291 1329 1530 1422 ἡδονὴν
1560 1332 1747 1421 παρὰ
1780 1332 1956 1400 πολὺ
1986 1329 2157 1422 ἡδίω
2188 1358 2312 1399 πε·

184 1439 445 1522 φηνέναι
507 1437 621 1501 καὶ
684 1433 761 1501 τὸ
826 1435 1018 1513 τέλος
1079 1428 1343 1521 ἀγαθὸν
1408 1429 1850 1523 ἀποβέβηκεν·
1916 1428 1993 1502 οὗ
2057 1434 2181 1521 γὰρ
2247 1435 2315 1513 ἐς

187 1536 379 1624 λήθην
444 1539 579 1603 τῶν
647 1536 821 1604 οἴκοι
878 1530 1020 1604 οὔδ’
1085 1536 1182 1615 εἰς
1239 1530 1574 1622 ἆγνωσίαν
1629 1539 1764 1603 τῶν
1819 1529 1967 1603 κατ’
2029 1534 2313 1620 ἐμαυτὸν

186 1646 626 1726 περιίσταμαι,
675 1632 824 1705 ἀλλ’
878 1639 939 1706 εἰ
976 1638 1098 1725 χρὴ
1144 1639 1351 1727 μηδὲν
1382 1632 1756 1725 ὀκνήσαντα
1799 1637 2035 1716 εἰπεῖν,
2079 1641 2312 1723 μακρῷ

187 1740 612 1827 πινυτώτερος
655 1743 766 1807 καὶ
817 1744 951 1808 τῶν
1005 1741 1073 1808 ἐν
1128 1743 1227 1827 τῷ
1277 1745 1410 1826 βίῳ
1466 1737 2017 1825 διορατικώτερος
2071 1739 2141 1806 ἐκ
2195 1741 2316 1806 τοῦ

187 1841 461 1930 θεάτρου
518 1864 630 1909 σοι
688 1842 1182 1932 ἐπανελήλυθα.
1268 1842 1526 1926 μᾶλλον
1585 1841 1657 1907 δὲ
1711 1838 1788 1907 τὸ
1846 1844 1967 1907 τοῦ
2017 1836 2314 1927 (Ομήρου

192 1936 326 2010 αὐτὸ
373 1943 591 2012 εἰπεῖν
635 1945 858 2027 καλόν,
905 1945 1013 2012 οτι
1060 1941 1095 2012 0‘
1142 1951 1339 2011 τοῦτο
1387 1942 1552 2010 ιδών
1596 1941 1672 2010 τὸ
1719 1946 1952 2025 θέαμα

57 2093 60 2126 r
804 2046 1226 2146 τερψάμενος
1271 2059 1483 2113 νεῖται
1526 2047 1639 2112 καὶ
1684 2046 1968 2111 πλείονα
2011 2043 2228 2120 εἰδώς.

57 2145 60 2222 ἱ
339 2151 618 2215 ΚΡΑΤ.
661 2144 1027 2236 εΗράκλεις,
1076 2144 1128 2213 ώ
1158 2157 1433 2229 Λυκῖνε,
1486 2146 1596 2213 οἷα
1627 2152 2010 2226 πέπονθας,
2057 2143 2133 2222 ὃς
2165 2140 2317 2212 οὐδὲ

57 2247 60 2277 ἶ
196 2245 435 2338 αἰσχύνῃ
484 2244 599 2318 επ’
666 2246 927 2333 αὖτοῑς,
989 2243 1160 2317 ἀλλὰ
1217 2251 1325 2315 καὶ
1390 2253 1850 2335 σεμνυνομένῳ
1909 2245 2149 2325 εὀικας.
2237 2247 2311 2315 τὸ

57 2440 60 2443 y
194 2353 324 2432 γοῦν
366 2351 748 2420 δεινότατον
792 2353 989 2420 τοῦτό
1038 2351 1255 2433 ἐστιν,
1309 2350 1421 2417 ὅτι
1461 2350 1633 2438 μηδὲ
1678 2350 1923 2428 ἰάσεώς
1966 2376 2120 2418 τινα
2160 2346 2319 2439 ἡμῖν

57 2492 60 2525 4
117 2444 571 2539 aeofimoqoatvecg
615 2453 861 2522 ἐλπίδα
910 2454 1211 2521 ἐπαινεῖν
1255 2453 1520 2536 τολμῶν
1564 2451 1648 2517 τὰ
1682 2445 1891 2531 οῦτως
1921 2451 2163 2536 αἰσχρὰ
2208 2454 2318 2519 καὶ

57 2544 58 2579 ἦ
194 2555 629 2624 κατάπτυστα.

338 2665 392 2725 5.
457 2665 682 2726 ΛΥΚ.
785 2657 960 2725 Εἰπέ
1025 2683 1173 2742 μοι,
1244 2643 1300 2722 ὦ
1363 2657 1680 2744 Κράτων,
1748 2660 1938 2724 ταυτὶ
2008 2656 2085 2742 δὴ
2155 2661 2315 2743 περὶ
2348 2676 2387 2730 5

194 2749 495 2847 ὀρχήσεως
538 2763 650 2827 καὶ
695 2764 831 2827 τῶν
879 2759 947 2826 ἐν
988 2763 1087 2846 τῷ
1145 2759 1420 2846 θεάτρῳ
1476 2765 1869 2846 γινομένων,
1929 2758 2093 2826 ἰδών
2149 2762 2318 2827 πολ-

196 2858 354 2939 λάκις
410 2856 642 2944 αὐτός,
711 2861 1062 2950 ἐπιτιμᾷς,
1129 2851 1171 2949 ἢ
1229 2855 1596 2947 ἀπείρατος
1653 2851 1742 2928 ὢν
1797 2864 1917 2928 τοῦ
1972 2862 2321 2946 θεάματος

199 2960 361 3045 ὅμως
404 2963 677 3051 αἰσχρὸν
722 2958 883 3031 αὐτὸ
930 2966 1040 3030 καὶ
1084 2964 1585 3046 κατάπτυστον,
1636 2960 1729 3041 ὥς
1773 2963 1934 3052 φής,
1994 2964 2319 3048 νομίζεις,·

198 3062 246 3128 εἰ
280 3067 392 3149 μὲν
433 3066 559 3154 γὰρ
606 3063 812 3148 εἶδες,
872 3065 945 3145 ἐξ
984 3066 1136 3133 ἰ’σου
1180 3062 1336 3155 ἡμῖν
1391 3069 1506 3132 καὶ
1565 3065 1644 3133 σὺ
1698 3070 2075 3153 γεγένησαι·
2138 3065 2198 3132 εἰ
2244 3067 2317 3133 δὲ

198 3164 286 3254 μή,
325 3161 447 3255 όρα
489 3168 581 3258 μὴ
630 3163 871 3255 αλογος
911 3164 952 3257 ἡ
1001 3168 1387 3258 επιτίμησις
1435 3164 1611 3235 εἶναί
1656 3191 1776 3235 σου
1810 3167 1967 3255 δόξη
1998 3170 2110 3234 καὶ
2140 3173 2319 3255 θρα-

201 3282 322 3334 σεῖα
363 3274 883 3358 κατηγοροῦντος
926 3295 1020 3335 ων
1065 3262 1343 3355 ἆγνοεῖς.

339 3376 527 3438 ΚΡΛ
536 3380 611 3438 Τ
697 3366 852 3439 ’Έτι
908 3369 1035 3457 γὰρ
1091 3371 1285 3438 τοῦτό
1338 3397 1461 3455 μοι
1520 3369 1762 3438 λοιπὸν
1818 3355 1928 3459 ἦν,
1992 3394 2061 3437 εν
2109 3375 2322 3454 βαθεῖ

200 3470 382 3559 τούτω
424 3478 519 3560 τῷ
563 3473 842 3560 πώγωνι
896 3475 1010 3540 καὶ
1067 3474 1279 3561 πολιᾷ
1332 3477 1417 3561 τῇ
1473 3472 1643 3560 κόμῃ
1700 3475 2058 3561 καθῆσθαι
2113 3478 2319 3558 μέσον

203 3566 257 3634 ἓν
310 3590 443 3653 τοῖς
502 3582 804 3662 γυναίοις
870 3578 983 3643 καὶ
1045 3589 1189 3653 τοῖς
1251 3569 1619 3667 μεμηνόσιν
1683 3574 1959 3651 ἐκείνοις
2032 3580 2319 3652 θεαταῖς

202 3677 527 3756 κροτοῦντά
569 3702 644 3743 τε
690 3681 976 3763 προσέτι
1015 3680 1127 3743 καὶ
1172 3676 1494 3755 ἐπαίνους
1554 3670 2108 3762 ἀπρεπεστάτους
2165 3676 2318 3744 ἐπι-

201 3775 428 3852 βοῶντα
492 3772 761 3865 ὀλέθρῳ
827 3782 960 3846 τινὶ
1035 3774 1387 3866 ἀνθρώπῳ
1463 3777 1561 3856 εἰς
1633 3772 1821 3845 οὐδὲν
1898 3778 2048 3845 δέον
2119 3804 2320 3844 κατα-

202 3875 497 3965 κλωμένῳ.

345 3989 554 4048 ΛΥΚ.
601 3981 998 4068 Συγγνωστά
1045 4004 1164 4048 σου
1209 3985 1439 4061 ταῦτα,
1488 3967 1541 4045 ιῦ
1580 3981 1884 4067 Κράτων.
1976 3979 2037 4046 εἰ
2082 3980 2155 4046 δέ
2196 4004 2318 4062 μοι

288 4085 454 4141 Lucia,
478 4090 537 4136 11.
568 4094 607 4134 1.
1975 4083 2006 4132 9
