2800 4500
432 257 560 317 284

429 676 482 719 e.
511 661 611 717 34.

428 897 482 938 ο.
510 882 610 938 35.

428 1117 479 1159 c.
509 1103 608 1159 36.

427 1336 479 1378 e.
508 1321 607 1377 38.

425 1454 476 1496 e.
505 1440 604 1496 39.

426 1676 478 1716 c.
507 1663 608 1718 40.

423 1777 475 1818 ο.
502 1763 603 1819 41.

423 2083 476 2124 c.
503 2068 603 2125 42.

423 2288 474 2330 e.
501 2274 602 2331 43.

423 2492 474 2533 ο.
503 2479 603 2534 44.

422 2797 473 2838 e.
501 2782 602 2839 45.

421 2899 473 2941 c.
501 2885 603 2940 46.

420 3002 471 3043 ο.
495 2987 597 3044 47.

417 3510 469 3553 ο.
495 3498 597 3554 49.

1375 257 1633 310 LUGIANI

640 428 693 492 Γ
739 467 815 476 -
856 429 1188 513 Ῥηγίλλαν
1229 428 1250 514 fl
1290 438 1615 513 Ρηγίλαον
1658 426 1986 492 ΑΩΓΜυῒ.
2033 437 2321 512 ριγίκχον
2368 431 2520 508 (sic)
2565 430 2628 493 21

642 571 728 582 —-
771 530 1194 616 Πολυδεύκην
1238 530 1258 615 ΙΙ
1299 530 1680 616 Πολυδεύκη
1725 529 1848 594 ΩΓ

646 660 916 737 δημοσίᾳ
946 650 965 735 ΙΙ
995 673 1108 714 om.
1142 678 1163 715 ι
1206 648 1259 712 Γ
1302 689 1388 698 -—
1431 650 1852 735 προρρήσεως
1892 648 2206 737 Επρορήσ.
2255 647 2309 710 Γ
2351 684 2441 696 -
2492 675 2626 715 κα-

640 758 1126 839 ταστησαμένου
1169 751 1189 837 ΙΙ
1230 752 1754 836 καταστήσαντος
1798 756 1851 818 21

643 872 774 939 ὑπὸ
821 870 1069 955 ἰχθύων
1096 869 1118 956 fl
1145 870 1275 938 ὑπὸ
1305 881 1442 938 τῶν
1475 871 1724 955 ἰχθύων
1754 871 2024 937 ΩἏΜυῒ.
2071 908 2150 918 —-
2196 866 2334 955 Κᾷτ
2352 870 2370 892 ’
2410 868 2432 955 ss
2483 891 2623 933 om.

642 975 914 1041 ΩἳῙΜυῒ.

642 1102 817 1157 c.37.
861 1098 964 1161 ἐπὶ
1005 1104 1223 1182 μισθῷ
1264 1094 1284 1179 ΙΙ
1340 1116 1456 1158 om.
1514 1097 1623 1157 sed
1677 1115 1802 1158 ree.
1858 1116 1936 1156 m.
1993 1114 2181 1172 marg.
2241 1094 2441 1155 adeor.
2513 1089 2618 1173 Ω,

640 1218 754 1259 om.
801 1198 854 1261 21
899 1221 994 1242 —-'
1027 1194 1159 1283 ὅτῳ
1205 1194 1225 1278 ΙΙ
1268 1218 1380 1259 om.
1429 1224 1450 1261 ι
1495 1193 1547 1258 Γ
1602 1233 1675 1244 -
1720 1202 1900 1278 αἰτῇς
1942 1193 1964 1280 ss
2006 1216 2118 1257 om.
2166 1221 2187 1258 ι
2232 1191 2434 1255 ΓΜυῒ.

639 1317 780 1397 ἔχῃς
824 1312 843 1399 ΙΙ
886 1337 1001 1378 om.
1054 1343 1076 1380 ι
1120 1319 1265 1378 Μυῒ.

636 1431 1115 1517 παρεσκεύαστο
1158 1432 1178 1517 [Ι
1222 1432 1731 1518 παρεσκευάζετο
1777 1431 1826 1494 Α
1877 1469 1953 1478 -
2002 1429 2199 1498 πόσαι
2239 1444 2405 1508 μναῖ
2445 1428 2544 1494 ἂν
2598 1429 2621 1513 ss

644 1562 707 1603 π.
760 1536 842 1602 ἂν
884 1553 1047 1615 μναῖ
1085 1533 1302 1599 ΩΜυῒ.
1353 1573 1428 1583 -
1478 1540 1609 1602 ἐστι
1651 1533 1671 1618 ΙΙ
1714 1539 1886 1601 ἐστιν
1915 1532 1968 1596 Γ

641 1655 851 1722 α’παιδ.
904 1653 1269 1739 ἀνθρώπου
1311 1654 1353 1740 ῃ
1376 1657 1565 1739 α’νθρ.
1618 1656 1830 1722 ἅπαιδ.
1879 1650 2094 1715 ΩΜυῒ.

636 1755 860 1822 πλάτει
890 1755 911 1841 ΙΙ
937 1756 1158 1824 κάλλει
1188 1761 1332 1820 Μυῒ.
1364 1795 1450 1804 —
1488 1766 1690 1825 Τοῦτο
1720 1761 1961 1838 μέντοι,
1999 1758 2137 1837 ἔφη,
2166 1751 2188 1838 ΙΙ
2216 1755 2335 1835 ἔφη
2382 1761 2612 1818 τοῦτο

634 1863 854 1937 μέντοι
897 1857 951 1920 Α
995 1861 1113 1943 ἔφη
1157 1881 1272 1922 om.
1305 1858 1431 1941 911³,
1478 1862 1597 1943 ἔφη
1628 1877 1928 1938 suprascr.
1958 1854 2028 1919 Ω
2076 1892 2152 1903 —-
2202 1852 2560 1938 πρόβατον
2597 1855 2619 1938 ΙΙ

633 1959 981 2044 πρόφατον
1027 1963 1080 2026 21

635 2062 996 2142 λουόμενος
1051 2063 1072 2148 ΙΙ
1125 2063 1529 2143 λουσάμενος
1582 2063 1635 2126 ἳῖ
1691 2100 1776 2111 —-
1831 2066 1894 2141 ἐς
1950 2061 2027 2128 τὸ
2085 2060 2263 2143 ὕδωρ
2306 2058 2327 2144 ΙΙ
2372 2065 2467 2138 εἰς
2518 2066 2610 2125 το

635 2163 812 2250 ὕδωρ
855 2163 909 2226 Α

633 2277 912 2351 νομίζεις
955 2268 975 2353 [Ι
1015 2294 1158 2346 νομ.
1209 2271 1373 2335 εἶναι
1419 2267 1742 2335 ΩἳῑΓΜυῒ.
1789 2305 1875 2316 —-
1907 2267 2124 2334 ‘chov
2158 2264 2178 2350 ΙΙ
2205 2265 2372 2332 ἆδου
2419 2264 2474 2326 Γ
2513 2301 2614 2312 —-

639 2373 950 2437 ἐπιστελῶ
992 2370 1013 2456 Ι]
1055 2375 1406 2438 ἐπιστέλλω
1452 2369 1673 2453 ΑΜυῒ.,
1720 2373 1872 2452 21(?)

636 2478 1006 2539 κεκέλευκεν
1062 2472 1082 2557 ΙΙ
1127 2477 1452 2539 ἐκέλευσεν
1512 2474 1565 2537 21
1622 2478 1953 2538 κεκέλευκε
2004 2476 2066 2533 in
2120 2490 2239 2532 ras·
2294 2472 2447 2530 Mut.
2509 2503 2610 2514 —-

635 2573 843 2640 αυτοῦ
884 2602 936 2641 τ.
988 2593 1076 2641 στ.
1122 2574 1142 2659 ΙΙ
1186 2576 1392 2641 αὐτοῦ
1437 2601 1487 2643 τ.
1535 2593 1624 2642 στ.
1674 2576 1873 2639 21Mut.
1921 2610 2007 2620 —
2049 2579 2155 2638 καὶ
2201 2568 2365 2636 αὐτὸ
2413 2568 2435 2654 ΙΙ
2482 2577 2608 2635 καὶ

635 2697 748 2738 om.
792 2673 1009 2740 ΩΜυῒ.

636 2785 915 2858 γίγνεται
957 2776 978 2863 ss
1019 2787 1259 2860 γίνεται
1305 2775 1356 2839 Γ
1359 2783 1505 2840 Μυῒ.

637 2879 845 2945 αὑτοῦ
889 2878 908 2962 ΙΙ
952 2881 1156 2946 αὐτοῦ
1201 2878 1455 2944 ΑἩΜυῒ.

632 3002 684 3044 c.
713 2987 813 3044 48.
847 2984 1136 3060 ἐπολέμει
1166 2998 1306 3060 τοῖς
1336 3035 1349 3049 .
1376 3035 1389 3048 .
1420 3036 1432 3048 .
1464 3007 1527 3062 φ.
1563 2980 1584 3065 ss
1614 2984 1706 3047 ἐπ.
1743 2990 1855 3063 τῆς
1884 3034 1897 3047 .
1927 3035 1940 3047 .
1971 3034 1985 3049 .
2016 3007 2078 3062 φ.
2107 2985 2249 3042 Μυῒ.
2282 3016 2369 3026 -—-
2400 2979 2566 3044 ἀντὶ
2594 2980 2616 3064 ΙΙ

631 3086 732 3148 ἐπὶ
764 3083 817 3146 21
846 3119 930 3130 -
975 3083 1220 3168 ὕπερον
1263 3092 1369 3150 καὶ
1413 3110 1582 3167 κεκρ.
1630 3081 1652 3167 ΙΙ
1694 3083 2021 3166 ὑπέρογκα
2066 3108 2235 3164 κεκρ.
2288 3079 2609 3161 ΑῼΜυῒ.,

628 3182 788 3265 Ω(9)
848 3184 1211 3269 ὑπέρογκον
1268 3212 1394 3254 κεκ.
1447 3187 1500 3250 21
1552 3222 1639 3232 —
1691 3193 1799 3250 καὶ
1842 3190 1969 3267 λέγ.
2019 3183 2038 3268 ΙΙ
2080 3207 2193 3248 om.
2238 3191 2347 3249 καὶ
2393 3181 2450 3244 Α
2502 3221 2602 3231 --

628 3296 736 3352 καὶ
780 3300 973 3371 Κρατ.
1022 3295 1129 3353 καὶ
1174 3291 1525 3368 Διογένους
1564 3285 1583 3370 ss
1629 3295 1737 3352 καὶ
1782 3291 1953 3369 Διογ.
2004 3294 2111 3352 καὶ
2153 3297 2348 3369 Κρατ.
2400 3286 2456 3348 21
2514 3321 2601 3331 —

615 3387 948 3473 Ὑπερίδου
992 3389 1009 3474 ΙΙ
1042 3389 1404 3473 Ὑπερείδου
1450 3386 1502 3451 Γ

645 3511 698 3555 ο.
728 3499 828 3554 50.
888 3491 1145 3558 ἀστεῖον
1189 3491 1209 3576 ΙΙ
1253 3492 1488 3570 α’μέὶθ)
1534 3494 1584 3557 21
1645 3528 1723 3539 —-
1784 3497 1849 3557 δὲ
1892 3490 1911 3576 ΙΙ
1954 3489 2028 3573 δὴ
2074 3485 2452 3553 ΑΩἳῑΓΜυῒ.
2510 3525 2610 3537 —-

629 3591 757 3671 ἅμα
786 3591 807 3676 fl
836 3613 948 3656 om.
982 3591 1051 3655 Ω
1079 3631 1163 3640 -
1202 3620 1253 3660 τ.
1290 3599 1740 3671 πιττουμένων
1769 3593 1788 3678 ΙΙ
1817 3621 1867 3659 τ.
1906 3596 2358 3670 πιττουμένων
2388 3618 2495 3670 τις
2515 3595 2609 3672 (P)

629 3692 843 3758 ΩΜυῒ.
892 3730 970 3741 --
1016 3693 1096 3761 τὰ
1142 3700 1330 3778 σκέλη
1374 3692 1394 3778 ΙΙ
1438 3694 1531 3760 τὼ
1577 3700 1766 3779 σκέλη
1813 3697 1866 3758 ἳῑ
1923 3732 2008 3743 -
2063 3700 2387 3760 κιναιδίαν
2433 3692 2454 3776 fl
2504 3721 2611 3759 κι-

629 3805 912 3864 ναιδείαν
957 3796 1008 3858 Γ
1054 3832 1137 3845 ——
1197 3795 1360 3862 κατά
1406 3824 1553 3863 τινα
1597 3824 1659 3865 π.
1709 3795 1730 3882 fl
1771 3805 1881 3862 καί
1922 3822 2069 3862 τινα
2113 3822 2176 3861 π.
2226 3793 2280 3856 Α
2328 3832 2407 3841 -
2456 3823 2613 3864 τοι·

630 3897 832 3965 οῦτόν
878 3926 939 3964 τι
983 3897 1003 3983 ΙΙ
1045 3898 1312 3965 τοιοῦτό
1356 3927 1418 3964 τι
1462 3903 1607 3962 Μυῒ.
1666 3937 1750 3946 -
1809 3902 1939 3964 ἐστι
1998 3896 2019 3982 ΙΙ
2063 3901 2235 3963 ἐστιν
2292 3901 2443 3959 Μυῒ.
2520 3934 2612 3945 -

636 4006 743 4064 καὶ
791 3998 826 4063 ὃ
872 4002 1023 4082 Δημ.
1074 3997 1093 4078 ΙΙ
1135 4021 1249 4062 om.
1295 4007 1403 4064 καὶ
1450 4001 1502 4064 21
1544 4036 1627 4046 —-
1672 3999 1818 4066 τότε
1863 4001 1880 4081 ΙΙ
1924 4002 2042 4083 ἔφη
2089 4000 2141 4063 91
