2800 4500
430 255 510 313 36
1313 251 1680 307 ΔΟΥΚΙΑΝΟΥ

427 420 769 515 ἠλεκτρίνῃ
813 424 921 488 καὶ
972 419 1339 509 ἀναστῆσαι
1375 418 1655 505 ἐνμέσῳ
1700 422 1795 504 τῴ
1833 412 1981 501 ἀέρι
2015 417 2128 485 ἐπὶ
2177 432 2319 496 τοῖς
2361 423 2577 503 μεθο-

430 534 621 613 ρίοις.
712 520 982 607 ὤμοσαν
1028 523 1096 588 δὲ
1138 519 1486 588 (Ηλιωτιῦν
1534 522 1655 604 μὲν
1700 521 2095 608 Πυρωνίδης
2137 523 2247 588 καὶ
2299 526 2581 609 Θερίτης

428 632 540 697 καὶ
587 627 908 713 Φλόγιος,
955 626 1323 713 Σεληνιτῶν
1368 624 1440 689 δὲ
1487 623 1764 708 Νύκτωρ
1809 625 1917 690 καὶ
1966 617 2234 710 Μήνιος
2278 627 2386 690 καὶ
2434 630 2583 690 Πο-

344 729 846 818 21λυλαμπής.“
934 732 1036 794 21.
1081 725 1354 812 τοιαύτη
1402 726 1522 808 μὲν
1567 721 1606 813 ἡ
1653 724 1876 814 εἰρήνη
1925 724 2209 811 ἐγένετο·
2259 725 2462 803 εὐθὺς
2511 726 2584 792 δὲ

429 833 505 900 τὸ
550 846 764 914 τεῖχος
807 834 1169 916 καθῃρεῖτο
1226 830 1335 893 καὶ
1381 823 1557 916 ἡμᾶς
1599 826 1754 904 τοὺς
1814 826 2272 912 αἰχμαλώτους
2329 823 2584 894 ἀπέδο-

434 959 578 1003 σαν.
680 933 827 999 ἐπεὶ
901 932 971 997 δὲ
1039 925 1434 1018 ἀφικόμεθα
1492 928 1560 1007 ἐς
1620 928 1738 1015 τὴν
1796 929 2112 1019 Σελήνην,
2179 926 2588 1019 ὑπηντίαζον
2610 947 2664 999 87

432 1037 607 1128 ἡμᾶς
661 1040 772 1104 καὶ
831 1030 1211 1123 ἠσπάζοντο
1268 1030 1437 1116 μετὰ
1493 1032 1792 1117 δακρύων
1839 1032 1909 1099 οἵ
1948 1058 2021 1099 τε
2078 1033 2333 1119 ἑταῖροι
2386 1038 2502 1100 καὶ
2549 1030 2583 1100 ὅ

427 1138 796 1225 Ενδυμίων
842 1131 1059 1214 αὐτός.
1147 1138 1256 1202 καὶ
1305 1161 1339 1202 ο
1387 1135 1509 1218 μὲν
1552 1128 1740 1220 ἠξίου
1797 1142 2023 1218 μεῖναί
2066 1160 2138 1202 τε
2183 1130 2349 1221 παρ’
2404 1161 2587 1223 αυτῳ

434 1246 546 1311 καὶ
590 1253 927 1309 κοινωνεῖν
983 1242 1100 1327 τῆς
1159 1232 1480 1315 ἀποικίας
1537 1236 2060 1321 ὑπισχνούμενος
2115 1237 2353 1307 δώσειν
2415 1238 2593 1325 πρὸς

435 1347 647 1433 γάμον
677 1342 793 1410 τὸν
824 1342 1058 1408 ἑαυτοῦ
1103 1341 1352 1407 παῖδα·
1397 1353 1699 1426 γυναῖκες
1740 1338 1864 1425 γὰρ
1912 1334 2028 1406 ούκ
2073 1339 2204 1408 εισὶ
2251 1334 2414 1425 παρ’
2469 1333 2593 1406 αύ-

435 1461 597 1527 τοῖς.
688 1444 813 1532 ἒγώ
862 1445 933 1511 δὲ
979 1439 1288 1527 οὐδαμῶς
1332 1442 1740 1530 ἐπειθόμην,
1797 1436 1945 1508 ἀλλ’
1997 1437 2224 1528 ἠξίουν
2270 1439 2593 1528 ἀποπεμ-

441 1554 704 1639 φθῆναι
750 1548 929 1615 κάτω
975 1545 1042 1625 ἐς
1083 1546 1200 1633 τὴν
1245 1545 1616 1612 θάλατταν.
1707 1541 1799 1623 ὡς
1843 1546 1914 1611 δὲ
1945 1545 2110 1631 ἔγνω
2157 1540 2484 1613 ἀδύνατον
2518 1537 2597 1613 ὂν

338 1664 413 1719 22
439 1658 746 1732 πείθειν,
796 1644 1196 1732 ἀποπέμπει
1240 1645 1415 1737 ἡμᾶς
1459 1646 1777 1724 ἑστιάσας
1822 1646 1996 1713 ἑπτὰ
2039 1643 2309 1737 ἡμέρας.
2398 1654 2505 1715 22.
2555 1648 2597 1714 ἃ

442 1756 512 1821 δὲ
547 1753 640 1841 [ἐν
669 1752 789 1839 τῷ]
828 1750 1073 1835 μεταξὺ
1108 1751 1471 1837 διατρίβων
1504 1749 1570 1816 ἐν
1601 1753 1684 1837 τῇ
1715 1749 1963 1836 Σελήνῃ
1993 1750 2364 1836 κατενόησα
2392 1748 2597 1817 καινὰ

439 1859 550 1923 καὶ
595 1852 969 1940 παράδοξα,
1015 1856 1226 1918 ταῦτα
1266 1853 1595 1935 βούλομαι
1643 1852 1880 1920 εἰπεῖν.
1969 1856 2209 1939 πρῶτα
2238 1853 2359 1938 μὲν
2388 1852 2466 1920 τὸ
2503 1852 2594 1940 μὴ

443 1984 512 2025 εκ
555 1960 878 2043 γυναικῶν
933 1958 1303 2041 γεννασθαι
1364 1949 1633 2033 αὐτούς,
1695 1949 1869 2020 ἀλλ’·
1900 1953 2037 2022 α’πὸ
2084 1958 2217 2021 τῶν
2263 1949 2595 2040 ἀρρένων·

442 2059 682 2146 γάμοις
724 2058 851 2145 γὰρ
895 2071 1037 2135 τοῖς
1084 2079 1316 2144 αρρεσι
1355 2083 1644 2142 χρωνται
1686 2060 1799 2125 καὶ
1831 2051 2000 2151 οὐδὲ.
2030 2083 2244 2141 ονομα
2287 2058 2601 2144 γυναικὸς

443 2156 616 2240 όλως
659 2162 869 2228 ι’σασι.
943 2164 1133 2282 μέχρι
1171 2160 1290 2243 μὲν
1322 2184 1439 2225 ουν
1470 2163 1671 2226 πέντε
1699 2162 1808 2226 καὶ
1857 2158 2107 2227 ε’ίκοσιν
2153 2158 2317 2226 ἐτῶν
2361 2173 2601 2244 γαμεῖ-

443 2291 556 2332 ται
603 2263 905 2345 ε’καστος,
953 2259 1090 2330 ἀπὸ
1142 2263 1214 2329 δὲ
1258 2263 1511 2329 τούτων
1554 2277 1752 2349 γαμεῖ
1796 2257 2030 2341 αὐτός·
2084 2263 2314 2330 κύουσι
2362 2263 2434 2328 δὲ
2484 2258 2603 2330 οὐκ

446 2367 513 2434 ἐν
556 2370 640 2454 τῇ
686 2366 906 2455 νηδύϊ,
968 2359 1116 2432 ἀλλ’
1184 2364 1251 2431 ἐν
1294 2378 1446 2442 ταῖς
1499 2372 2087 2488 γαστροκνημίαις·
2148 2362 2425 2432 επειδὰν
2472 2362 2603 2450 γὰρ

448 2469 739 2555 συλλάβῃ
806 2467 881 2534 τὸ
953 2468 1266 2555 ἐμβρυον,
1343 2467 1710 2549 παχύνεται
1773 2463 1812 2553 ἡ
1880 2467 2120 2556 κνήμη,
2196 2470 2308 2534 καὶ
2377 2462 2602 2554 χρόνω

445 2571 721 2655 ἵστερον
780 2565 1218 2653 ἀνατεμόντες
1275 2568 1583 2655 ἐξάγουσι
1639 2569 1864 2658 νεκρά,
1932 2568 2237 2647 ἐκθέντες
2298 2569 2368 2635 δε
2429 2563 2602 2635 αὐτὰ

448 2672 622 2757 πρὸς
664 2671 781 2740 τὸν
827 2667 1069 2756 άνεμον
1113 2673 1430 2759 κεχηνότα
1477 2672 1904 2759 ζῳοποιοῦσι.
1996 2673 2176 2739 δοκεῖ
2218 2673 2291 2739 δέ
2322 2698 2443 2757 μοι
2490 2678 2603 2740 καὶ

451 2776 518 2853 ἐς
574 2774 730 2851 τοὺς
758 2766 1083 2862 (Έλληνας
1140 2773 1397 2842 ἐκεῖθεν
1452 2767 1635 2864 ἥκειν
1690 2778 1808 2863 τῆς
1862 2780 2389 2863 γαστροκνημίας
2445 2771 2605 2842 τού-

451 2903 642 2960 νομα,
690 2869 798 2944 ὅτι
827 2871 994 2963 παρ’
1049 2875 1322 2955 ἐκείνοις
1353 2871 1501 2943 ἀντὶ
1529 2875 1817 2964 γαστρὸς
1860 2890 2195 2965 κυοφορεῖ.
2270 2877 2503 2959 μεῖζον
2534 2879 2604 2944 δὲ

450 2980 688 3046 τούτου
736 2974 898 3046 ἀλλο
946 2978 1365 3069 διηγήσομαι.
1449 2984 1636 3064 γένος
1668 2978 1806 3046 ἐστὶ
1839 2973 2007 3063 παρ’
2060 2974 2286 3058 αὐτοῖς
2331 2975 2675 3066 ἀνθρώ-88

452 3108 602 3149 πων
668 3083 733 3150 οἱ
797 3082 1192 3165 καλούμενοι
1247 3081 1641 3166 Δενδρῖται,
1708 3087 1963 3167 γίνεται
2028 3082 2101 3147 δὲ
2165 3081 2282 3150 τὸν
2346 3083 2606 3167 τρόπον

451 3189 717 3252 τοῦτον·
779 3180 963 3273 ὄρχιν
1021 3178 1393 3271 ἀνθρώπου
1451 3182 1569 3250 τὸν
1628 3182 1845 3262 δεξιὸν
1902 3178 2356 3268 ἀποτεμόντες
2410 3183 2482 3251 ἐν
2527 3192 2603 3272 γῇ

453 3287 881 3374 φυτεύουσιν,
951 3285 1020 3353 ἐκ
1087 3287 1158 3353 δὲ
1226 3281 1432 3354 αὐτοῦ
1499 3287 1767 3374 δένδρον
1835 3281 2206 3375 ἀναφύεται
2270 3293 2606 3374 μέγιστον,

456 3389 797 3475 σάρκινον,
859 3388 1000 3456 οἷον
1059 3390 1345 3477 φαλλός·
1407 3388 1538 3472 ἔχει
1585 3390 1656 3456 δὲ
1698 3393 1807 3456 καὶ
1866 3389 2150 3468 κλάδους
2190 3392 2301 3457 καὶ
2348 3391 2634 3477 φύλλα·’

455 3490 489 3559 ὁ
528 3493 599 3559 δὲ
628 3492 887 3578 καρπός
932 3490 1073 3558 ἐστι
1117 3491 1402 3576 βάλανοι
1449 3505 1772 3580 πηχυαῖαι
1801 3489 1877 3557 τὸ
1925 3497 2235 3578 μέγεθος.
2328 3492 2607 3560 ἐπειδὰν

457 3581 571 3661 οὖν
629 3597 1077 3674 πεπανθῶσι,
1143 3595 1582 3682 τρυγήσαντες
1640 3587 1845 3672 αύτὰς
1910 3593 2393 3662 ἐκκολάπτουσι
2451 3593 2607 3671 τοὺς

456 3691 880 3782 ἀνθρώπους.
970 3696 1197 3764 αἰδοῖα
1240 3701 1470 3779 μέντοι
1515 3696 1869 3779 πρόσθετα
1914 3695 2174 3779 ἔχουσιν
2205 3697 2421 3781 οἱμὲν
2467 3695 2606 3763 ἐλε-

457 3794 775 3887 φάντινα,
837 3800 901 3866 οἱ
949 3799 1020 3865 δὲ
1078 3804 1357 3887 πένητες
1418 3794 1634 3864 αὐτῶν
1692 3798 1952 3879 ξύλινα,
2010 3802 2120 3866 καὶ
2182 3797 2292 3866 διὰ
2350 3799 2605 3866 τούτων

459 3897 760 3982 ὀχεύουσι
825 3904 935 3967 καὶ
1004 3900 1449 3989 πλησιάζουσι
1520 3913 1662 3977 τοῖς
1733 3905 2053 3985 γαμέταις
2126 3915 2266 3979 τοῖς
2331 3899 2603 3967 ἑαυτῶν.

357 4006 562 4073 2323.
633 4000 909 4069 ἐπειδὰν
969 4002 1041 4068 δὲ
1098 4002 1351 4090 γηράσῃ
1411 3997 1446 4068 ὃ
1511 3997 1908 4086 ἅνθρωπος,
1980 3996 2096 4069 οὐκ
2164 3996 2603 4090 ἀποθνήσκει,
