2800 4500
477 216 557 274 42
1359 215 1729 270 ΔΟΥΚΙΑΝΟΥ

473 386 557 452 τὰ
605 385 672 453 ἐν
715 397 798 474 τῇ
842 385 1021 474 νήσῳ
1066 388 1180 452 καὶ
1224 384 1341 451 τὸν
1387 383 1455 450 ἐν
1498 387 1596 470 τῷ
1641 377 1788 472 ἀέρι
1832 387 2067 466 πλοῦν,
2111 388 2223 453 καὶ
2265 383 2385 452 τὶν
2415 384 2614 453 πόλε-

473 515 632 572 μον,
696 490 807 555 καὶ
871 486 957 554 τὰ
1023 483 1191 554 ἄλλα
1250 492 1442 572 μέχρι
1497 490 1616 574 τῆς
1673 485 1741 564 ἐς
1791 486 1867 554 τὸ
1928 490 2124 574 κῆτος
2177 486 2611 566 καταδύσεως.

375 596 579 659 8434.
626 587 660 658 ό
711 591 783 657 δὲ
827 587 1366 676 ὑπερθαυμάσας
1408 592 1520 656 καὶ
1567 582 1769 666 αὐτὸς
1814 587 1882 655 ἐν
1924 593 2113 675 μέρει
2154 587 2239 654 τὰ
2273 582 2427 655 καθ’
2466 588 2612 656 ἑαυ-

471 692 589 761 τὸν
620 692 866 781 διεξῄει
896 694 1120 779 λέγων,
1167 690 1312 773 ,,Τὸ
1345 692 1468 776 μὲν
1512 695 1699 777 γένος
1744 689 1903 774 εἶμί,
1952 677 2005 755 ὦ
2053 689 2245 771 ξένοι,
2292 690 2612 777 Κύπριος,

472 792 802 885 ὁρμηθεὶς
846 796 918 862 δὲ
960 788 1108 861 κατ’
1173 793 1508 878 ἐμπορίαν
1553 786 1692 860 ἀπὸ
1739 795 1858 879 τῆς
1902 792 2232 878 πατρίδος
2273 789 2441 875 μετὰ
2499 797 2614 859 τοῦ

473 897 744 979 παιδός,
791 896 867 963 ὃν
914 892 1135 983 ὁρᾶτε,
1181 898 1293 963 καὶ
1339 891 1562 962 ἀλλων
1606 896 1877 961 πολλῶν
1922 894 2193 961 οἰκετῶν
2238 893 2480 962 ἔπλεον
2524 894 2616 972 εἷς

464 994 750 1068 Ἰταλίαν
794 1002 1102 1066 ποικίλον
1146 998 1398 1086 φόρτον
1443 997 1728 1082 κομίζων
1774 996 1889 1064 ἐπὶ
1942 995 2108 1075 νειὸς
2163 998 2483 1086 μεγάλης,
2540 996 2615 1087 ἣν

474 1101 589 1169 ἐπὶ
636 1101 921 1185 στόματι
963 1104 1084 1167 τοῦ
1111 1100 1348 1187 κήτους
1378 1101 1851 1188 διαλελυμένην
1883 1099 2049 1178 ἰ’σως
2078 1098 2433 1187 ἑωράκατε.
2501 1107 2616 1184 μέ-

467 1230 579 1291 χρι
621 1203 743 1287 μὲν
789 1189 902 1270 οῦν
948 1205 1259 1282 Σικελίας
1312 1196 1594 1286 εὖτυχιῦς
1653 1202 2169 1286 διεπλεύσαμεν
2229 1202 2488 1271 ἐκεῖθεν
2548 1204 2616 1270 δὲ

473 1302 944 1390 ἁρπασθέντες
1018 1299 1242 1393 ἀνέμῳ
1317 1306 1596 1393 σφοδρῷ
1660 1318 1952 1392 τριταῖοι
2015 1303 2083 1384 ἐς
2149 1303 2264 1372 τὸν
2329 1299 2615 1373 ὠκεανὸν

473 1406 964 1497 ἀπηνέχθημεν,
1011 1407 1183 1475 ἔνθα
1226 1411 1323 1494 τῷ
1365 1407 1551 1495 κήτει
1594 1407 2060 1494 περιτυχόντες
2101 1409 2214 1474 καὶ
2260 1403 2616 1495 αὔτανδροι

471 1516 977 1588 καταποθέντες
1025 1510 1142 1577 δύο
1185 1506 1378 1598 ἡμεῖς
1419 1509 1617 1594 μόνοι
1660 1513 1793 1577 τιῦν
1846 1504 2066 1577 ἄλλων
2126 1503 2618 1577 ἀποθανόντων

473 1612 846 1701 ἐσώθημεν.
935 1612 1291 1697 θάψαντες
1337 1612 1411 1678 δὲ
1452 1609 1609 1690 τοὺς
1653 1611 1957 1697 ἑταίρους
1998 1613 2107 1677 καὶ
2156 1612 2316 1679 ναὸν
2349 1616 2447 1698 τῷ
2476 1618 2620 1679 Πο-

473 1715 741 1783 σειδῶνι
787 1714 1178 1799 δειμάμενοι
1220 1717 1484 1782 τουτονὶ
1529 1713 1647 1781 τὸν
1690 1719 1842 1797 βίον
1895 1712 2134 1796 ζῶμεν,
2190 1713 2443 1796 λάχανα
2498 1716 2621 1798 μὲν

469 1816 901 1906 κηπεύοντες,
960 1816 1156 1898 ἰχθῦς
1215 1816 1287 1883 δὲ
1345 1816 1728 1900 σιτούμενοι
1782 1818 1894 1883 καὶ
1951 1809 2302 1902 ἀκρόδρυα.
2402 1816 2691 1903 πολλὴ98

474 1919 566 1999 δέ,
612 1913 703 1997 ὥς
748 1917 964 2004 ὁρᾶτε,
1009 1914 1049 2006 ἡ
1095 1911 1238 2007 ῧλη,
1291 1921 1404 1986 καὶ
1447 1917 1576 2007 μὴν
1620 1920 1732 1985 καὶ
1777 1911 2119 2002 ἀμπέλους
2164 1917 2297 2002 ἔχει
2337 1919 2618 2001 πολλάς,

474 2014 599 2108 ἀφ’
652 2014 743 2088 ὦν
786 2013 1058 2106 ἥδιστος
1102 2017 1284 2099 οἶνος
1325 2027 1655 2108 γίγνεται·
1717 2022 1830 2088 καὶ
1872 2018 1993 2108 τὴν
2051 2019 2267 2108 πηγὴν
2327 2021 2398 2088 δὲ
2454 2022 2623 2101 >ι’σως

475 2122 685 2190 εἴδετε
727 2124 1079 2190 καλλίστου
1122 2125 1235 2190 καὶ
1279 2122 1707 2210 ψυχροτάτου
1760 2122 2024 2200 ὓδατος.
2113 2118 2304 2211 εὐνὴν
2349 2123 2420 2191 δὲ
2481 2117 2619 2191 ἀπὸ

472 2228 605 2293 τῶν
674 2225 944 2316 φύλλων
1001 2224 1394 2310 ποιούμεθα
1450 2228 1564 2295 καὶ
1620 2228 1756 2313 πῦρ
1815 2220 2125 2313 ἄφθονον
2180 2232 2455 2311 καίομεν
2509 2230 2622 2295 καὶ

473 2324 672 2414 ὄρνεα
739 2330 811 2397 δὲ
876 2329 1253 2418 θηρεύομεν
1318 2327 1405 2394 τὰ
1474 2326 1891 2412 ἐσπετόμενα
1955 2330 2064 2395 καὶ
2126 2328 2375 2408 ζῶντας
2433 2328 2629 2412 ἰχθῦς

476 2425 832 2519 ἀγρεύομεν
877 2430 1163 2510 ἐξιόντες
1209 2431 1321 2498 ἐπὶ
1368 2429 1454 2497 τὰ
1497 2437 1778 2519 βραγχία
1821 2434 1942 2497 τοῦ
1983 2436 2253 2519 θηρίου,
2298 2431 2473 2498 ἔνθα
2514 2435 2625 2499 καὶ

475 2534 810 2617 λούμεθα,
869 2529 1130 2601 ὁπόταν
1175 2532 1724 2623 ἐπιθυμήσωμεν.
1812 2536 1924 2601 καὶ
1967 2532 2098 2621 μὴν
2149 2537 2260 2602 καὶ
2307 2534 2502 2622 λίμνη
2551 2527 2627 2601 οἱ·

475 2636 712 2724 πόρρω
757 2636 935 2702 ἐστὶν
981 2631 1241 2723 ἁλμυρὰ
1288 2637 1580 2703 σταδίων
1625 2636 1839 2704 εἴκοσι
1882 2633 1957 2703 τὸ
1998 2642 2400 2724 περίμετρον
2433 2635 2630 2719 ἰχθῦς

478 2736 715 2818 ἔχουσα
779 2737 1294 2820 παντοδαπούς,
1362 2739 1431 2805 ἐν
1488 2733 1531 2825 ᾗ
1589 2741 1702 2806 καὶ
1760 2737 2105 2828 νηχόμεθα
2161 2741 2275 2806 καὶ
2334 2741 2631 2823 πλέομεν

479 2839 591 2906 ἐπὶ
639 2838 936 2927 σκάφους
978 2844 1233 2928 μικροῦ,
1279 2839 1315 2908 ὃ
1362 2839 1488 2927 ἐγὼ
1537 2838 2116 2930 ἐναυπηγησάμην.
2206 2839 2317 2929 ἔτη
2364 2841 2438 2907 δὲ
2467 2837 2630 2927 ἡμῖν

374 2945 451 3002 35
478 2940 621 3010 ἐστι
662 2945 780 3030 τῆς
821 2943 1267 3021 καταπόσεως
1305 2946 1519 3009 ταῦτα
1565 2941 1741 3009 ἑπτὰ
1783 2945 1895 3009 καὶ
1928 2942 2160 3010 ε’ίκοσι.
2252 2949 2352 3012 35.
2398 2944 2629 3010 καὶτὰ

474 3045 596 3128 μὲν
641 3038 810 3111 ἄλλα
854 3045 1020 3124 ἴσως
1078 3050 1306 3132 φέρειν
1366 3044 1751 3129 ἐδυνάμεθα
1765 3096 1784 3126 ,
1844 3045 1911 3111 οἱ
1968 3044 2040 3110 δὲ
2096 3049 2385 3128 γείτονες
2440 3041 2629 3135 ἡμῶν

472 3149 584 3213 καὶ
630 3146 944 3235 πάροικοι
992 3146 1257 3235 σφόδρα
1296 3149 1581 3230 χαλεποὶ
1641 3148 1748 3213 καὶ
1806 3151 2037 3232 βαρεῖς
2095 3145 2295 3228 εἰσιν,
2356 3142 2632 3232 ἄμικτοί

472 3275 546 3316 τε
576 3245 761 3327 ὄντες
789 3253 901 3317 καὶ
935 3245 1222 3337 ὅγριοι.“
1292 3235 1420 3331 ,,Ἧ
1441 3249 1629 3335 γάρ“,
1663 3248 1831 3337 ἔφην
1864 3248 2009 3335 ἐγώ,
2039 3251 2196 3330 ,,καὶ
2226 3243 2422 3317 ἄλλοι
2450 3256 2628 3328 τινές

476 3350 646 3419 εἰσιν
677 3351 744 3419 ἐν
775 3355 872 3439 τῷ
894 3351 1162 3440 κήτει,·“
1192 3353 1494 3433 ,,Πολλοὶ
1526 3354 1711 3435 μέν“,
1745 3350 1894 3439 ἔφη,
1925 3354 2078 3432 ,,καὶ
2113 3345 2338 3430 ἄξενοι
2366 3354 2479 3418 καὶ
2506 3351 2706 3431 vagos»

474 3452 744 3542 μορφὰς
787 3448 1167 3522 ἀλλόκοτοι·
1226 3452 1310 3520 τὰ
1356 3455 1477 3539 μὲν
1520 3452 1648 3540 γὰρ
1705 3452 1990 3539 ἑσπέρια
2042 3456 2157 3521 καὶ
2213 3446 2453 3540 οῦραῖα
2509 3457 2630 3541 τῆς

473 3549 633 3644 ὕλης
696 3560 1060 3642 Ταριχᾶνες
1114 3554 1441 3636 οἰκοῦσιν,
1511 3555 1713 3633 ἔθνος
1770 3554 2186 3642 ἐγχελυωπὸν
2241 3559 2354 3624 καὶ
2419 3581 2631 3642 καρα-

472 3658 964 3744 βοπρόσωπον,
1028 3657 1316 3743 μάχιμον
1359 3660 1472 3724 καὶ
1516 3655 1742 3745 θρασὺ
1788 3660 1900 3725 καὶ
1956 3651 2349 3762 ὦμοφάχον·
2404 3655 2492 3724 τὰ
2558 3658 2630 3725 δὲ

473 3766 592 3841 τῐς
637 3761 866 3849 ἑτέρας
907 3762 1202 3849 πλευρᾶς
1245 3758 1413 3827 κατὰ
1458 3759 1576 3828 τὸν
1622 3758 1840 3838 δεξιὸν
1895 3774 2117 3843 τοῖχον
2171 3764 2630 3846 Τριτωνομέν-

476 3865 685 3953 δητες,
730 3862 810 3930 τί.
859 3864 980 3948 μὲν
1027 3857 1164 3930 ὅνω
1210 3855 1609 3948 ἀνθρώποις
1654 3861 1967 3944 ἐοικότες,
2014 3860 2098 3928 τὰ
2145 3862 2217 3929 δὲ
2258 3861 2440 3927 κάτω
2485 3875 2633 3939 τοῖς

474 3966 859 4051 γαλεώταις,
906 3959 1102 4055 ἧττον
1144 3970 1374 4050 μέντοι
1420 3959 1643 4033 ἄδικοί
1688 3964 1821 4034 εἶσι
1863 3969 1997 4032 τιῖν
2044 3960 2293 4031 ἴλλων·
2340 3963 2421 4031 τί,
2464 3963 2627 4031 λαιὰ
