2800 4500
446 258 570 320 306
1184 259 1312 312 ADN
1320 260 1562 313 ΟΤΔΤΙΟ
1599 258 1866 314 CRlTlCA.

446 453 495 496 e.
524 437 622 495 29.
654 429 829 496 πάνυ
854 441 1013 512 γοῦν
1038 433 1253 509 ἔμελεν
1276 424 1457 518 αὐτῷ
1480 442 1580 497 πλ
1597 459 1637 496 α
1653 440 1730 513 γί
1745 458 1784 497 α
1800 458 1838 497 ν
1860 437 1978 511 μὲν
2001 430 2116 514 τὴν
2147 430 2463 513 φάλαγγα,
2497 434 2599 496 ἐπὶ

656 538 861 616 κέρως
891 539 956 599 δὲ
987 538 1193 614 λέγειν
1222 532 1299 599 τὸ
1330 536 1432 599 ἐπὶ
1465 532 1770 611 μετώπου
1815 529 1990 615 ἄγειν
2034 534 2053 617 ΙΙ
2095 560 2157 600 π.
2192 561 2244 615 γ.
2283 536 2370 611 gu.
2422 533 2600 620 αὐτῷ

657 643 1007 715 πλαγίαν
1050 641 1167 713 μὲν
1197 634 1314 719 τὴν
1345 640 1471 701 ἐπὶ
1513 640 1771 718 κέρως
1816 634 2144 717 φάλαγγα,
2191 638 2317 701 ἐπὶ
2348 640 2602 718 κέρως

658 742 734 802 δὲ
779 743 1042 818 λέγειν
1086 735 1162 803 τὸ
1208 741 1309 802 ἐπὶ
1357 736 1662 815 μετώπου
1718 736 1894 818 ἄγειν
1938 738 2102 801 det.
2147 773 2248 802 —-.
2295 741 2365 803 έν
2422 738 2604 825 αὐτῷ

660 845 724 905 δὲ
768 849 863 925 τῷ
906 842 1070 927 ἔργῳ
1116 838 1370 906 ἐπειδὰν
1416 839 1587 919 ὁμοῦ
1630 842 1806 904 ἴωσι
1837 838 1857 921 ΙΙ
1885 836 2028 905 ὦσι
2074 842 2218 903 Oob.
2249 842 2390 904 Ddf.

446 961 494 1006 e.
525 949 624 1004 30.
657 944 746 1020 εἷς
789 947 854 1008 δέ
883 969 979 1020 τις
1009 947 1339 1021 βέλτιστος
1370 941 1623 1009 ἅπαντα
1654 945 1722 1022 ἐξ
1752 942 1946 1026 ἀρχῆς
1990 991 2008 1009 .
2039 996 2052 1009 .
2091 997 2103 1009 .
2155 952 2605 1022 πεντακοσίοις

656 1045 807 1110 οὐδ’
874 1043 1053 1123 ὅλοις
1118 1047 1288 1110 ἔπεσι
1356 1050 1798 1128 συνέτριψε
1853 1044 1872 1128 ΙΙ
1930 1049 2377 1126 συνέθλιψε
2434 1047 2601 1110 det.

657 1149 891 1228 ,Omnia
920 1168 1072 1226 quae
1107 1152 1168 1210 in
1198 1150 1495 1228 Armenia,
1539 1152 1600 1209 in
1631 1150 1824 1231 Syria,
1868 1154 1930 1211 in
1959 1151 2387 1227 Mesopotamia
2428 1155 2605 1228 gesta

659 1258 857 1332 erant,
924 1253 1129 1328 paucis
1173 1253 1371 1313 verbis
1439 1253 1944 1314 constrinxit‘
1991 1288 2074 1298 —
2132 1271 2249 1314 non
2308 1256 2602 1315 contrivit.

654 1356 964 1431 Vituperat
993 1357 1166 1433 enim,
1212 1356 1369 1431 quod
1397 1356 1692 1432 permulta
1719 1357 1824 1416 illa
1853 1357 2200 1417 brevissime
2237 1358 2600 1418 tractaverit.

443 1476 492 1519 e.
522 1461 617 1519 32.
649 1453 1213 1539 Παρθονικικά·
1257 1455 1412 1521 οὐδ’
1458 1453 1549 1534 ὡς
1594 1459 1661 1521 έν
1707 1461 1936 1537 γέλωτι
1980 1454 2373 1538 ποιήσασθαι
2414 1509 2428 1523 .
2467 1509 2479 1523 .
2516 1510 2530 1522 .
2580 1453 2601 1541 fl

652 1560 1148 1640 Παρθυηνικὰ
1193 1611 1207 1625 .
1243 1611 1256 1625 .
1292 1612 1304 1624 .
1355 1562 1454 1620 Fr.
1485 1562 1631 1622 Post
1658 1569 1859 1643 Παρθ.
1897 1563 2174 1621 omissum
2207 1562 2434 1638 aliquid
2465 1579 2599 1623 esse

655 1663 925 1738 plerique
958 1663 1214 1724 editores
1246 1667 1619 1741 censuerunt,
1653 1663 1811 1739 quod
1839 1665 1938 1725 Fr.
1971 1665 2053 1722 ita
2081 1664 2308 1739 explet:
2356 1663 2599 1739 [μελε-

652 1760 742 1844 τή
755 1777 996 1840 ματα·
1038 1773 1242 1828 ταῦτα
1288 1768 1350 1828 δὲ
1397 1761 1610 1828 πάντα
1657 1770 1926 1846 διῆλθον
1988 1763 2106 1845 οὐχ
2162 1763 2252 1841 ὡς
2310 1764 2602 1848 λοιδορή-

654 1875 887 1932 σασθαι
917 1881 1055 1944 τοῖς
1085 1869 1467 1948 κρείττοσιν]
1511 1864 1656 1932 οὐδ
1672 1866 1688 1888 ‘
1731 1865 1820 1945 ὡς
1852 1868 1921 1932 έν
1950 1871 2180 1948 γέλωτι
2210 1865 2599 1950 ποιήσασθαι

657 2014 671 2028 .
704 2021 716 2034 .
750 2021 763 2034 .
799 1966 913 2046 τὰς
959 1974 1243 2051 ἱστορίας
1287 1966 1452 2034 ἀλλὰ
1495 1978 1617 2034 τοῦ
1654 1976 1973 2052 χρησίμου
2017 1971 2214 2035 ἕνεκα.

440 2091 491 2133 e.
522 2076 618 2133 33.
652 2073 713 2135 εἴ
748 2098 808 2136 τι
838 2068 1053 2168 ι,τραχύ
1094 2067 1116 2153 fl
1156 2096 1248 2153 τρ.
1298 2067 1390 2154 ἦν
1435 2074 1534 2132 Fr.
1584 2106 1662 2116 -

439 2189 490 2235 e.
519 2179 616 2236 34.
650 2177 782 2238 ἐπεὶ
834 2181 1089 2238 πολλοῦ
1148 2172 1239 2238 ἂν
1294 2182 1547 2251 μᾶλλον
1604 2178 1668 2238 δὲ
1713 2182 1834 2239 τοῦ
1892 2171 2137 2251 παντὸς
2197 2167 2387 2253 ἄξιον
2447 2170 2535 2258 ἦν
2579 2170 2600 2258 [Ι

648 2276 773 2355 [ἂν]
818 2278 871 2337 Α
917 2274 1334 2345 earnm-l.

437 2399 486 2444 e.
517 2387 615 2443 35.
647 2377 830 2446 Ἀλλὰ
876 2387 1033 2444 ποῦ
1076 2376 1152 2443 τὸ
1183 2388 1294 2460 τῆς
1323 2382 1545 2460 τέχνης
1575 2385 1681 2443 καὶ
1711 2376 1788 2443 τὸ
1817 2388 1929 2460 τῆς
1972 2385 2345 2460 συμβουλῆς
2384 2375 2595 2461 χρήσι-

646 2507 810 2561 μον,·
839 2480 961 2547 οὐκ
987 2484 1048 2559 ές
1078 2489 1338 2564 ποίησιν
1368 2490 1504 2545 τῶν
1535 2477 2055 2564 προσόντων,
2092 2479 2213 2546 α’λλ
2233 2479 2248 2502 '
2280 2482 2343 2558 ἐς
2369 2490 2594 2564 χρῆσιν

650 2583 867 2649 αὐτῶν
923 2581 1040 2665 τὴν
1097 2581 1557 2666 προσήκουσαν
1601 2581 1618 2665 ΙΙ
1680 2579 1845 2648 α’λλά
1903 2607 2058 2648 που
2102 2579 2178 2646 τὸ
2221 2591 2335 2664 τῆς
2379 2586 2596 2664 τέχνης

650 2739 662 2751 .
699 2738 712 2751 .
749 2738 762 2751 .
789 2683 1108 2768 χρήσιμον
1155 2687 1208 2746 A
1251 2683 1388 2754 ΉΓ.
1448 2685 1612 2747 det.
1688 2687 1811 2765 „At
1851 2690 2048 2748 tamen
2092 2686 2293 2762 aliqua
2321 2687 2384 2746 in
2426 2691 2593 2763 parte

650 2790 810 2849 utilis
878 2794 967 2850 est
1033 2806 1128 2849 ars
1210 2797 1268 2850 et
1338 2787 1709 2849 consilium.“
1803 2785 1925 2852 οὐκ
2007 2789 2069 2865 ἐς
2136 2794 2397 2870 ποίησιν
2462 2797 2596 2852 τῶν

646 2887 1054 2971 προσόντων,
1110 2889 1266 2953 ἀλλ’
1312 2892 1373 2967 ἐς
1410 2899 1639 2972 χρῆσιν
1687 2889 1906 2954 αὐτῶν
1949 2887 2067 2973 τὴν
2111 2886 2584 2972 προσήκουσαν.

646 2991 1022 3069 Exposuerat
1077 3011 1127 3052 e.
1180 2998 1291 3072 34,
1358 2993 1506 3053 duas
1566 3011 1662 3053 res
1720 2995 1972 3054 maxime
2029 2996 2401 3054 necessarias
2462 3011 2591 3053 esse

645 3114 839 3156 rerum
882 3097 1186 3173 scriptori,
1244 3096 1616 3172 prudentiam
1662 3097 1897 3156 civilem
1943 3100 2003 3157 et
2046 3096 2364 3171 eloquendi
2408 3095 2591 3154 facul·

644 3202 841 3258 tatem.
917 3198 1083 3257 Haec
1130 3201 1323 3258 autem
1366 3216 1562 3273 neque
1610 3202 1735 3259 arte
1780 3216 1975 3274 neque
2012 3199 2256 3258 oonsilio
2301 3197 2587 3274 indigere,

647 3303 868 3377 quippe
898 3318 1050 3377 quae
1083 3299 1238 3361 dona
1274 3302 1393 3361 sint
1420 3304 1682 3363 naturae.
1759 3302 1839 3361 At
1866 3305 2060 3361 tamen
2104 3301 2303 3377 pergit
2345 3301 2407 3359 in
2453 3300 2590 3359 ali·

647 3421 788 3478 qua
830 3406 1000 3478 parte
1029 3403 1209 3478 (που)
1245 3421 1393 3478 opus
1443 3420 1573 3463 esse
1619 3406 1745 3463 arte
1792 3407 1851 3462 et
1893 3403 2157 3480 consilio,
2202 3420 2411 3462 verum
2453 3420 2588 3480 non,

647 3504 806 3580 quod
849 3509 1027 3565 antea
1075 3507 1189 3564 iam
1237 3505 1495 3584 dixerat,
1556 3506 1632 3565 ad
1685 3505 1952 3582 paranda
1998 3523 2100 3584 ea,
2160 3523 2314 3579 quae
2371 3507 2501 3566 sola
2554 3523 2590 3563 a

646 3611 854 3666 natura
895 3608 1246 3685 tribuuntur,
1293 3609 1400 3668 sed
1447 3608 1524 3667 ad
1569 3626 1659 3685 ea,
1706 3626 1859 3684 quae
1903 3611 2113 3667 natura
2156 3608 2400 3686 adsunt,
2453 3611 2586 3683 apte

648 3712 708 3768 et
749 3708 964 3769 decore
1010 3709 1360 3771 adhibenda.
1436 3710 1532 3769 Ad
1573 3727 1748 3785 quam
1792 3711 2138 3769 sententiam
2183 3709 2585 3770 illustrandam

647 3809 843 3871 adfert
899 3813 1174 3887 exempla
1220 3829 1292 3871 ex
1337 3814 1746 3889 magistrorum
1804 3816 1929 3872 arte
1973 3813 2344 3889 gymnastiea
2387 3812 2583 3889 petita,

646 3929 793 3992 quos
849 3915 1032 3987 negat
1088 3930 1268 3987 posse
1333 3914 1623 3973 hominem
1685 3913 1939 3973 debilem
1997 3912 2379 3973 erudiendum
2445 3913 2584 3988 ipsis

648 4014 1016 4072 commissum
1062 4011 1299 4075 efficere
1332 4013 1643 4091 Olympiae
1689 4018 1973 4076 victorem
2007 4015 2114 4076 sed
2156 4014 2414 4076 reddere
2443 4015 2585 4073 vali-
