2800 4500
913 254 1589 310 ΑΠΟΚΗΡΠΤΟΜΕΝΟΣ.
2245 253 2327 312 85

169 422 295 515 ἤδη
341 428 635 514 πλησίον
680 429 999 511 γενέσθαι
1034 427 1155 490 τοῦ
1182 425 1415 502 τέλους
1442 426 1554 491 καὶ
1587 421 1986 509 ἐλπίσωμεν,
2034 423 2329 508 ἐμπεσόν

166 554 235 596 τι
279 528 519 614 μικρὸν
566 524 925 615 ἁμάρτημα
978 525 1491 610 ἐπακμάσαντος
1546 530 1666 593 τοῦ
1723 527 1999 606 πάθους
2058 520 2328 593 ἅπαντα

168 631 421 719 ῥᾳδίως
469 629 688 698 ἐκεῖνα
734 624 1060 715 ἀνέτρεψε
1104 631 1212 696 καὶ
1262 622 1625 696 ἀνεπόδισε
1653 626 1774 715 τὴν
1804 635 2185 713 θεραπείαν
2214 633 2328 697 καὶ

165 731 290 821 τὴν
329 737 565 821 τέχνην
610 733 949 820 διέσφηλε.
1045 736 1143 799 18.
1186 730 1305 798 τὸν
1349 717 1466 798 οὖν
1519 735 1731 798 ταῦτα
1784 731 2009 798 πάντα
2069 726 2325 816 ὗπομε-
2354 737 2430 794 18

166 834 501 923 μενηκότα
557 839 672 902 καὶ
738 827 913 910 οὕτω
974 836 1254 920 χαλεπῷ
1320 833 1647 926 νοσήματι
1712 835 2329 921 προσπαλαίσαντα

66 948 150 999 175
164 940 276 1004 καὶ
339 937 580 1016 πάθος
637 934 958 1004 ἁπάντων
1017 940 1270 1003 παθῶν
1328 934 1404 1002 τὸ
1468 936 2018 1004 δυσαλωτότατον
2075 961 2328 1023 νενικη-

166 1038 336 1106 κότα
376 1039 480 1106 ἔτι
523 1038 739 1125 τούτῳ
800 1032 1283 1127 ἀποκηρύττειν
1341 1037 1776 1124 ἐπιτρέψετε,
1832 1040 1944 1105 καὶ
2001 1036 2159 1115 τοὺς
2214 1037 2328 1104 νό-

163 1167 333 1225 μους
397 1140 494 1219 ιῦς
556 1141 870 1225 βούλεται
937 1140 1315 1228 ἑρμηνεύειν
1373 1134 1526 1206 κατ’
1593 1134 1935 1226 εὐεργέτου
1991 1138 2327 1226 συγχωρή·

167 1265 322 1310 σετε
363 1245 480 1310 καὶ
524 1247 607 1331 τῇ
653 1243 855 1332 φύσει
899 1245 1221 1326 πολεμεῖν
1268 1235 1471 1308 αὐτὸν
1517 1240 1784 1324 ἐάσετε,·
1827 1240 1955 1327 ἐγὼ
1998 1245 2082 1329 τῇ
2127 1241 2328 1330 φύσει

166 1345 620 1430 πειθόμενος,
676 1332 732 1410 ὦ
779 1341 1016 1432 ἄνδρες
1073 1345 1419 1426 δικασταί,
1479 1344 1669 1425 σώζω
1724 1347 1837 1412 καὶ
1894 1343 2327 1428 διαφυλάττω

163 1447 284 1514 τὸν
327 1453 598 1536 πατέρ-α
653 1447 947 1534 ἐμαυτῷ,
1005 1438 1128 1513 κάν
1184 1441 1413 1534 ἀδικῇ·
1473 1443 1702 1513 οὖτοσὶ
1764 1446 1836 1513 δὲ
1892 1444 2010 1512 τὸν
2071 1439 2327 1532 εὐεργε-

164 1550 421 1638 τηκότα
465 1550 684 1617 παῖδα
712 1564 858 1628 τοῖς
888 1550 1136 1634 νόμοις,
1184 1543 1277 1628 ὥς
1304 1572 1531 1639 φησιν,
1582 1543 1976 1615 ἀκολουθῶν
2008 1549 2326 1636 διαφθεί-

166 1677 270 1737 ρει
315 1655 430 1719 καὶ
464 1656 586 1719 τοῦ
614 1657 842 1737 γένους
874 1646 1257 1738 ἀποστερεῖ.
1346 1651 1679 1736 μισόπαις
1710 1645 1922 1731 οὗτος,
1970 1649 2096 1736 ἐγὼ
2127 1652 2327 1738 φιλο-

163 1753 412 1843 πάτωρ
469 1761 812 1840 γίγνομαι·
887 1753 1010 1841 ἐγώ
1074 1753 1194 1842 τὴν
1252 1754 1458 1841 φύσιν
1511 1747 1934 1837 ἀσπάζομαι,
1995 1745 2189 1830 οὗτος
2216 1750 2326 1818 ’τὰ

165 1861 285 1945 τῆς
331 1856 602 1945 φύσεως
646 1861 916 1946 παρορᾷ
958 1860 1070 1925 καὶ
1114 1856 1508 1941 καθυβρίζει
1542 1855 1626 1921 τὰ
1660 1856 1907 1923 δίκαια.
1983 1844 2038 1920 ὦ
2068 1853 2328 1939 πατρὸς

163 1963 527 2041 μισοῦντος
561 1954 838 2035 ἀδίκως·
870 1949 925 2025 ὦ
948 1958 1199 2037 παιδὸς
1223 1961 1581 2046 φιλοῦντος
1603 1950 2027 2045 ἀδικώτερον.
2076 1956 2326 2044 ἐγκαλῶ

163 2058 291 2145 γὰρ
338 2059 633 2147 ἐμαυτῷ,
694 2064 814 2127 τοῦ
867 2058 1130 2147 πατρὸς
1187 2054 1700 2146 ἀναγκάζοντος,
1758 2058 1866 2126 ὅτι
1924 2059 2327 2143 μισούμενος

167 2155 242 2227 οὗ
292 2162 445 2228 δέον
504 2165 684 2251 φιλῶ
735 2164 849 2229 καὶ
907 2164 1087 2251 φιλῶ
1143 2163 1349 2228 πλέον
1405 2152 1446 2247 ἢ
1504 2165 1818 2247 προσῆκε.
1904 2166 2125 2227 καίτοι
2167 2185 2241 2247 γε
2284 2157 2324 2251 ἡ

170 2265 376 2351 φύσις
419 2279 564 2343 τοῖς
600 2266 903 2351 πατράσι
932 2265 1087 2343 τοὺς
1116 2265 1370 2344 παῖδας
1404 2267 1658 2349 μᾶλλον
1688 2254 1729 2354 ἢ
1759 2278 1905 2341 τοῖς
1934 2266 2138 2330 παισὶ
2168 2261 2325 2341 τοὺς

167 2373 472 2454 πατέρας
504 2366 848 2434 ἐπιτάττει
880 2369 1125 2454 φιλεῖν.
1187 2361 1323 2433 ἀλλ’
1362 2360 1556 2445 οὗτος
1581 2365 1744 2433 ἑκών
1767 2365 2059 2444 καὶτοὺς
2083 2365 2326 2448 νόμους

167 2474 476 2558 παρορᾷ,
535 2474 603 2538 οἳ
643 2469 801 2549 τούς
847 2464 1039 2539 οὐδὲν
1080 2464 1476 2559 ἠδικηκότας
1521 2469 1773 2547 παῖδας
1816 2473 1914 2556 τῷ
1969 2473 2143 2555 γένει
2201 2493 2323 2556 φυ-

169 2572 510 2654 λάττουσι,
556 2576 669 2641 καὶ
712 2572 830 2660 τὴν
879 2573 1115 2662 φύσιν,
1161 2572 1201 2659 ἣ
1246 2572 1404 2650 τοὺς
1446 2573 1890 2662 γεννήσαντας
1936 2570 2107 2638 ἕλκει
2151 2569 2325 2654 πρὸς

168 2674 405 2742 πόθον
447 2679 581 2741 τῶν
623 2681 1103 2763 γεγεννημένων
1148 2675 1382 2742 πολύν.
1472 2669 1587 2758 οὐχ
1642 2668 1833 2752 ὅπως
1890 2674 2153 2758 μείζους
2205 2666 2324 2761 ἀρ-

74 2798 153 2849 176
162 2778 288 2860 χὰς
334 2771 601 2856 εὖνοίας
646 2777 809 2860 ἔχων
853 2777 1029 2865 πρὸς
1074 2776 1189 2862 ἐμὲ
1233 2777 1506 2861 μείζονα
1547 2775 1632 2843 τὰ
1664 2776 1892 2844 δίκαιά
1920 2802 2042 2861 μοι
2067 2780 2185 2863 τῆς
2217 2769 2323 2842 εὖ·

168 2887 356 2957 νοίας
405 2879 704 2968 εἰσφέρει
745 2884 858 2948 καὶ
890 2881 1304 2961 ἐπιδίδωσιν,
1350 2871 1391 2968 ἢ
1435 2879 1511 2947 τό
1545 2905 1617 2965 γε
1648 2880 1922 2946 ἔλαττον
1954 2878 2070 2962 ἐμὲ
2097 2892 2323 2963 μιμεῖ-

168 3006 280 3050 ται
325 2984 440 3049 καὶ
490 2981 675 3069 ζηλοῖ
727 2987 846 3050 τοῦ
904 2984 1212 3071 φίλτρου·
1272 2976 1467 3063 ἀλλ’,
1529 2982 1716 3066 σ’ίμοι
1771 2985 1888 3069 τῆς
1950 2983 2321 3068 συμφορᾶς,

166 3089 457 3171 προσέτι
511 3088 621 3152 καὶ
677 3099 865 3169 μισεῖ
921 3089 1248 3174 φιλοῦντα
1300 3088 1417 3152 καὶ
1475 3078 1844 3171 ἀγαπῶντα
1900 3083 2158 3150 ἐλαύνει
2209 3087 2322 3150 καὶ

169 3180 640 3275 εὐεργετοῦντα
710 3182 926 3255 ἀδικεῖ
992 3190 1107 3254 καὶ
1175 3181 1641 3270 ἀσπαζόμενον
1710 3179 2153 3273 ἀποκηρύττει
2207 3186 2322 3250 καὶ

164 3289 320 3367 τοὺς
369 3289 793 3377 φιλόπαιδας
839 3285 1081 3374 νόμους
1125 3285 1215 3368 ὥς
1261 3288 1681 3374 μισόπαιδας
1724 3282 1860 3354 κατ’
1915 3287 2075 3372 ἐμοῦ
2115 3312 2320 3371 μετα·

163 3392 545 3479 χειρίζεται.
648 3382 703 3457 α’)
758 3392 1004 3481 μάχης,
1062 3391 1142 3481 ἢν
1205 3390 1526 3479 εἰσάγεις,
1588 3391 1835 3476 πάτερ,
1890 3403 2036 3468 τοῖς
2092 3390 2321 3474 νόμοις

164 3494 330 3561 κατὰ
378 3497 500 3581 τῆς
543 3494 829 3582 φύσεως.
923 3501 1022 3564 19.
1069 3488 1185 3561 ούκ
1229 3494 1372 3561 ἔστι
1416 3497 1646 3575 ταῦτα,
1693 3486 1809 3559 οὒκ
1848 3493 2029 3560 ἔστιν
2074 3488 2166 3571 ὥς
2196 3497 2320 3559 θέ-
2349 3511 2422 3566 19

165 3598 337 3675 λεις·
392 3601 608 3675 κακῶς
652 3596 1059 3685 ἑρμηνεύεις,
1123 3582 1179 3661 ὦ
1223 3596 1468 3683 πάτερ,
1526 3598 1745 3673 καλῶς
1785 3599 2123 3679 κειμένους
2165 3594 2321 3673 τοὺς

165 3698 434 3782 νόμους.
526 3692 602 3764 ού
645 3701 935 3789 πολεμεῖ
992 3697 1194 3786 φύσις
1249 3700 1363 3765 καὶ
1419 3696 1623 3781 νόμος
1678 3696 1744 3763 ἐν
1801 3710 1950 3774 ταῖς
2007 3690 2316 3775 εὐνοίαις,

164 3794 316 3867 ἀλλ’
385 3795 880 3868 ἀκολουθοῦσιν
938 3800 1236 3867 ἐνταῦθα
1294 3797 1607 3885 ἀλλήλοις
1662 3801 1774 3866 καὶ
1842 3797 2317 3884 συναγωνίζον-

161 3929 275 3970 ται
332 3907 417 3990 τῇ
476 3903 663 3971 λύσει
719 3907 852 3970 τῶν
909 3897 1353 3991 ἀδικημάτων.
1444 3898 1730 3988 ὑβρίζεις
1784 3900 1901 3968 τὸν
1959 3895 2316 3987 εὐεργέτην,

164 4000 420 4084 ἀδικεῖς
461 4005 581 4095 τὴν
629 4006 851 4094 φύσιν.
939 4012 1009 4072 τί
1051 4008 1162 4072 καὶ
1205 4003 1361 4082 τοὺς
1400 4004 1643 4088 νόμους
1675 4003 2045 4079 συναδικεῖς
2077 4006 2155 4089 τῇ
2187 4001 2317 4089 φύ-
