2800 4500
475 273 599 330 256
1422 271 1678 324 Lucum
1772 227 1776 231 ⁴

678 473 756 525 με
799 451 904 512 εἰδ.
957 443 1087 507 ΨΗ
1136 481 1210 491 —
1246 444 1550 510 ζΡουτιλλ.
1601 441 1620 526 ΙΙ
1652 443 1912 510 Ῥουτιλ.
1955 440 2008 504 Γ
2057 480 2131 489 -
2180 441 2333 509 τάδε
2438 453 2645 508 ταῦτα

681 545 860 620 ΩΗΓ
919 587 1002 595 -
1057 574 1185 626 μου
1244 550 1432 632 ῥᾳδία
1488 551 1801 629 γενομένη
1845 543 1864 629 ΙΙ
1905 548 2093 629 ῤαία
2154 551 2467 628 γενομένη
2509 572 2644 624 μου

683 648 941 730 ΩΗ(Ῥ)Γ
987 687 1066 697 -
1110 648 1435 733 μεταβολή
1476 645 1563 733 1Ιὴ
1606 646 1934 732 μεταβολή
1963 646 2142 712 ΩΗΓ
2186 645 2518 731 καταβολή
2569 645 2647 709 Ψ

475 782 523 814 ⁴··.
559 766 651 814 ΞΗ.
683 780 812 830 μου
855 751 875 836 [Ι
916 778 1028 830 μοι
1057 755 1113 814 U
1161 787 1232 798 —
1283 757 1810 835 προαιρουμένου
1855 750 1874 834 ΙΙ
1919 749 2422 838 προαιρουμένῳ
2460 756 2514 815 U
2564 789 2645 798 —

687 852 1258 938 προύκπεπομφεός
1283 852 1303 937 ss
1332 851 1901 937 προεκπεπομφώς
1930 850 2074 935 ΩΗ,
2119 858 2184 916 in
2221 875 2342 916 ras,
2387 851 2440 915 Γ
2486 880 2647 937 προ-

687 962 955 1035 ,πέμπων
1000 954 1077 1017 Ψ
1121 992 1204 1002 ——·
1258 954 1441 1041 ᾤμην
1481 953 1501 1039 ΙΙ
1544 955 1728 1038 (ἄμην
1771 952 1823 1017 Γ
1867 992 1951 1002 --
1995 955 2393 1037 ὑπισχνεῖται
2434 953 2455 1038 ΙΙ
2501 956 2647 1023 ὑπι-

687 1075 933 1142 σχνεῒτο
965 1056 1043 1120 Ψ
1089 1095 1171 1105 —
1215 1086 1275 1123 τι
1304 1055 1324 1140 Η
1369 1080 1482 1121 om.
1516 1056 1593 1119 Ψ
1640 1094 1722 1105 -
1767 1068 1966 1126 τοῦτο
2003 1060 2167 1124 εἶναι
2197 1056 2216 1141 ΙΙ
2245 1061 2409 1124 εἶναι
2440 1070 2643 1126 τοῦτο

687 1160 754 1223 Ω
801 1200 881 1208 -
926 1160 1139 1244 πόρον
1181 1158 1200 1242 ΙΙ
1242 1159 1492 1228 πόντον
1540 1159 1617 1222 Ψ
1668 1198 1742 1207 -
1790 1189 1850 1227 τι
1894 1162 2315 1242 ἀντιλέγοντα
2359 1158 2379 1245 ΙΙ
2420 1183 2538 1225 om.
2585 1190 2645 1227 τι

691 1263 765 1326 Ψ
808 1303 886 1311 -
936 1267 1408 1342 ἐπεσταλμένον
1437 1261 1456 1347 ΙΙ
1486 1267 1955 1346 ἐπηγγελμένον
1988 1261 2066 1325 Ψ
2105 1303 2187 1313 -
2218 1267 2404 1348 ῥῖψαι
2433 1263 2600 1348 ἡμᾶς
2631 1264 2650 1348 ΙΙ

687 1370 848 1450 ἡμᾶς
892 1370 946 1451 ῥ.
1009 1403 1083 1412 -
1149 1370 1211 1445 ές
1255 1394 1306 1434 τ.
1355 1376 1502 1434 θαλ.
1552 1366 1571 1451 ΙΙ
1616 1372 1703 1445 εἰς
1760 1366 1880 1450 τὴν
1922 1366 2258 1433 θάλατταν
2307 1364 2356 1428 Γ
2416 1370 2482 1446 ές
2526 1367 2645 1450 τὴν

687 1469 1024 1536 θάλασσαν
1068 1467 1138 1531 Ω
1183 1505 1262 1516 -
1310 1472 1548 1554 ῥᾳδίως
1593 1470 1677 1536 ἂν
1721 1468 1741 1553 [Ι
1784 1492 1898 1533 om.
1944 1469 2027 1536 ἂν
2056 1467 2177 1531 ΩΓ
2223 1507 2306 1515 -
2355 1476 2643 1536 διεπεπο-

687 1577 921 1655 λέμητο
951 1569 970 1654 ΙΙ
998 1575 1434 1655 έπεπολέμητο
1478 1570 1691 1652 Ω(“Ρ)Γ
1735 1608 1819 1618 -
1863 1575 2064 1637 ἔπεισε
2108 1567 2127 1654 ΙΙ
2171 1573 2415 1637 ἔπεισεν
2461 1569 2514 1633 Γ
2564 1610 2648 1618 -

691 1674 1053 1753 συνναύτας
1081 1672 1100 1759 Ι
1129 1672 1370 1753 ναύτας
1417 1673 1494 1736 Ψ
1537 1711 1621 1722 —-
1664 1674 1701 1758 ἢ
1734 1674 1940 1741 κακὸν
1968 1672 1988 1758 ΙΙ
2018 1696 2133 1737 om.
2164 1670 2272 1736 ΗΓ
2320 1711 2399 1720 -
2444 1681 2598 1753 βίον
2628 1671 2649 1758 Ι

691 1799 803 1840 om.
836 1781 891 1839 U
938 1814 1015 1823 —
1063 1776 1523 1861 προβεβιωκὼς
1551 1775 1570 1862 ΙΙ
1599 1775 2019 1861 προβεβηκὼς
2048 1773 2169 1838 ΩΓ
2203 1775 2537 1856 βεβιωκὼς
2569 1774 2652 1838 Ψ

483 1926 527 1958 υ,
563 1910 659 1958 H.
695 1896 1067 1980 ἀπήλαυνεν
1097 1895 1116 1980 ΙΙ
1150 1897 1534 1981 ἀπήλαυνον
1563 1895 1633 1959 Ω
1679 1936 1760 1944 —-
1806 1900 1965 1963 ἔνθα
2008 1894 2028 1979 fl
2069 1899 2227 1963 ἔνθα
2273 1895 2394 1980 γὰρ
2442 1895 2521 1959 Ψ
2566 1935 2650 1944 -

691 2027 819 2083 παρ
840 2000 856 2022 ’
910 2001 1068 2067 Εύπ.
1117 1996 1138 2084 ss
1179 2000 1354 2086 παρὰ
1411 2000 1571 2068 Εύπ.
1638 1998 1717 2062 Ψ
1780 2036 1854 2046 —
1917 2003 1982 2078 ές
2035 2027 2086 2066 τ.
2134 2008 2452 2078 Βιθυνίας
2496 1999 2517 2084 ΙΙ
2561 2007 2649 2079 εἰς

695 2102 807 2186 τὴν
854 2112 989 2169 Βιθ.
1038 2100 1090 2163 Γ
1141 2140 1213 2150 -
1274 2107 1559 2189 ἐπετείου
1603 2100 1622 2186 ΙΙ
1665 2107 1919 2170 έπετίου
1971 2101 2023 2163 Γ
2088 2139 2160 2149 -
2216 2109 2447 2182 δεξιῶν
2492 2100 2512 2185 ΙΙ
2556 2109 2649 2169 δε-

695 2213 846 2287 ξιῶς
875 2202 999 2268 ΩΓ
1044 2243 1117 2253 -
1171 2209 1233 2285 ές
1263 2204 1339 2272 τὸ
1371 2215 1609 2274 πλοῖον
1652 2203 1671 2290 ΙΙ
1716 2209 1818 2273 ἐπὶ
1848 2204 1923 2272 τὸ
1970 2215 2072 2273 πλ.
2123 2202 2203 2267 Ψ
2253 2242 2322 2253 -
2375 2204 2602 2273 κάλων
2632 2205 2651 2291 ΙΙ

691 2309 898 2395 καλόύ
957 2328 1091 2405 (sic)
1137 2322 1214 2386 Ψ
1274 2364 1353 2373 -
1413 2324 1785 2407 φιλοσόφου
1840 2323 1859 2409 ΙΙ
1916 2324 2324 2407 φιλοσόφους
2380 2323 2508 2389 ΩΗ
2564 2363 2645 2373 -

695 2429 729 2495 ὸ
773 2428 918 2495 τότε
960 2425 980 2513 fl
1022 2428 1128 2494 ὅτε
1174 2426 1253 2490 Ψ
1299 2466 1376 2475 -
1425 2439 1537 2512 τῆς
1579 2438 1719 2497 Βιθ.
1754 2426 1773 2513 ΙΙ
1803 2451 1915 2492 om.
1962 2438 2073 2512 τῆς
2103 2426 2154 2489 Γ
2201 2466 2284 2474 -
2327 2427 2652 2514 ΑὖειτοςΙ]

695 2531 963 2609 αὗεκτος
1008 2527 1085 2591 Ψ
1130 2529 1326 2609 αὐτὸς
1370 2528 1494 2593 ΩΓ
1553 2569 1631 2578 -
1688 2538 2048 2614 μονονουχὶ
2094 2536 2171 2598 ἱκ.
2220 2528 2240 2613 [Ι
2279 2533 2651 2614 μονονουχ’

695 2639 770 2700 ἔκ.
819 2630 870 2694 Γ
917 2670 993 2679 -
1042 2631 1204 2716 πρὸς
1239 2632 1433 2700 Ῥουτ.
1467 2631 1485 2716 ΙΙ
1520 2632 1683 2717 πρὸς
1727 2632 1845 2699 τὸν
1877 2632 1951 2701 ‘P.
2001 2637 2056 2697 U
2097 2670 2184 2680 —
2227 2633 2428 2717 ὁρμῆς
2472 2631 2495 2717 Ι
2541 2634 2651 2718 ὀρ-

695 2745 804 2817 γῆς
849 2732 918 2796 Ω
964 2773 1046 2782 -
1091 2733 1552 2817 α’νεπαυσάμην
1594 2732 1615 2817 ΙΙ
1658 2734 2075 2818 ἀνεπαυόμην
2105 2732 2231 2798 ΩΗ
2276 2771 2355 2780 -
2401 2744 2649 2817 θρασυ-

695 2834 967 2914 νόμενος
993 2833 1013 2920 ss
1040 2835 1533 2920 θρασυνάμενος
1564 2840 1618 2900 U
1665 2874 1743 2882 -—
1790 2838 1905 2918 ἐφ’
1938 2836 2115 2904 οὕτω
2161 2843 2472 2903 δικαστοῦ
2516 2843 2650 2903 δια-

695 2942 988 3016 κειμένου
1032 2936 1051 3021 [Ι
1094 2939 1209 3019 ἐφ’
1254 2937 1414 3006 ὅτου
1462 2947 1769 3007 δικαστοῦ
1813 2944 2213 3018 διακειμένου
2260 2937 2339 3001 Ψ
2565 3030 2569 3034 ,

483 3087 531 3123 ν..
567 3071 663 3123 325.
699 3058 869 3143 παρὰ
914 3070 1037 3126 τοῦ
1081 3058 1396 3144 αὐτοκρΙΙ
1438 3068 1582 3144 περὶ
1626 3088 1677 3128 τ.
1728 3060 1866 3127 αὐτ.
1918 3057 1997 3121 Ψ
2043 3097 2120 3106 -
2164 3070 2651 3145 μετονομασθῆ-

695 3190 798 3228 ναι
842 3161 861 3245 ΙΙ
903 3160 981 3227 τὸ
1024 3189 1155 3241 μετ.
1209 3160 1286 3224 Ψ
1342 3199 1425 3208 —
1482 3163 1557 3229 τὸ
1604 3161 1889 3243 Ἀβώνου
1933 3161 1952 3248 ΙΙ
1994 3161 2071 3228 τὸ
2121 3173 2245 3229 τοῦ
2293 3164 2409 3242 Ἀβ.
2460 3160 2649 3226 ΨΗΓ

699 3302 771 3313 --
808 3263 1008 3346 κόψαι
1037 3265 1056 3350 ΙΙ
1086 3287 1200 3329 om.
1245 3263 1351 3328 ΗΓ
1391 3302 1470 3312 -
1505 3275 1627 3332 τοῦ
1658 3265 2046 3344 Γλαύκωνος
2080 3264 2100 3350 ΙΙ
2141 3286 2255 3328 om.
2301 3275 2422 3332 τοῦ
2452 3263 2531 3327 Ψ
2569 3300 2651 3311 -

699 3367 936 3452 θάτερα
965 3367 983 3452 ΙΙ
1011 3367 1294 3452 θάτερον
1323 3366 1431 3431 ΗΓ
1464 3406 1537 3415 -
1580 3367 1993 3452 Ἀλεξάνδρου
2015 3421 2029 3435 .
2058 3422 2072 3435 .
2098 3422 2112 3435 .
2141 3393 2208 3433 τε
2235 3367 2256 3453 fl
2286 3389 2399 3430 om.
2443 3365 2525 3429 Ψ
2567 3405 2650 3415 -

699 3469 812 3553 τὴν
859 3469 1071 3553 ἅρπην
1100 3467 1120 3554 ΙΙ
1149 3468 1266 3554 τὴν
1299 3469 1532 3554 ἀρετὴν
1576 3467 1644 3531 Ω
1699 3508 1767 3516 -
1820 3474 2068 3553 ἐκείνην
2176 3472 2428 3537 ἐκείνου
2471 3474 2528 3533 Η
2567 3509 2654 3518 -

699 3572 1192 3656 πατρομήτορος
1236 3570 1254 3656 ss
1298 3571 1711 3657 προμήτορος
1756 3577 1810 3636 Η

491 3719 536 3751 ιε.
571 3703 663 3751 ἴω.
699 3689 1029 3775 προειπὼν
1057 3691 1077 3776 [2
1106 3692 1481 3776 προσειπὼν
1513 3691 1592 3755 Ψ
1639 3730 1715 3739 —-
1764 3701 1907 3778 περὶ
1952 3696 2191 3759 ἑαυτοῦ
2218 3689 2238 3775 ΙΙ
2269 3700 2416 3777 περὶ
2445 3692 2657 3758 αὐτοῦ

2201 3772 2319 3827 τλει
2485 3772 2633 3827 τελε-ι

703 3825 827 3890 ΨΓ
857 3865 938 3877 -
977 3829 1128 3895 οὐδὲ
1159 3831 1281 3908 ἑβδ.
1320 3826 1339 3912 ΙΙ
1369 3830 1520 3896 οὔτε
1566 3833 1690 3909 ἓβδ.
1740 3827 1819 3891 Ψ
1863 3867 1945 3877 -
1976 3834 2139 3895 τέλει
2166 3829 2186 3914 [Ι
2216 3839 2290 3909 βε
2320 3831 2434 3908 (sic
2461 3834 2655 3909 βελει)

703 3930 775 3993 Ψ
807 3970 888 3979 —-
931 3936 1108 4014 μέχρι
1152 3941 1273 3997 τοῦ
1316 3941 1373 4010 β.
1417 3929 1579 4014 [lom.
1612 3942 1735 3999 τοῦ
1781 3930 1858 3993 Ψ
1902 3968 1983 3979 -
2029 3931 2234 4015 έφάνη
2278 3931 2297 4016 Ι]
2339 3930 2655 4015 ἐφωράθη

707 4030 824 4094 ΩΓ
866 4069 950 4079 -
996 4036 1346 4115 ἐπιβρέχειν
1388 4031 1409 4115 ΙΙ
1452 4037 1803 4117 έπιβρέχων
1848 4032 1928 4096 Ψ
1982 4072 2063 4082 -
2120 4035 2405 4118 φενάκης
2449 4033 2468 4118 ΙΙ
2512 4059 2658 4114 φαι-
