2800 4500
962 258 1044 310 DE
1080 258 1447 313 SALTATION
1454 258 1509 313 E.
2191 259 2314 317 337

45 450 96 501 mg
192 448 233 488 c.
259 434 345 489 54.
375 429 525 495 κᾶν
568 482 582 496 .
618 483 632 494 .
668 481 682 495 .
733 436 954 511 διαβῇς
998 428 1212 496 πολλὰ
1252 431 1437 497 κάκεῖ
1477 427 1768 511 δράματα
1798 434 1817 514 ss
1844 439 1978 495 καὶ
2023 431 2122 496 ἂν
2152 433 2319 495 det.

190 550 232 592 c.
257 537 344 595 56.
376 535 603 597 εἴσεται
650 538 714 598 δὲ
761 525 803 595 ὃ
847 542 1232 611 τοιοῦτος
1261 533 1279 617 ss
1307 535 1424 596 del.
1470 532 1508 598 ὃ
1553 543 1853 611 τοιοῦτος
1897 535 2062 596 det.

190 653 234 695 c.
258 640 344 697 58.
372 634 895 718 μεριζόμενον
925 636 944 716 {1
973 635 1805 720 κλαυθμυριζόμενον
1850 639 1961 699 Bk.

189 755 230 795 c.
257 743 344 799 61.
376 737 561 816 α’φεὶς
605 737 780 820 ᾄδειν
809 735 829 820 Ι]
857 736 951 820 ᾄδ.
1004 738 1116 817 α’φ.
1164 736 1597 809 Qmflarl.

187 857 229 900 o.
255 845 342 901 63.
375 865 413 904 κ
434 838 561 922 ινή
580 859 740 917 σεως
768 838 989 905 κάλλει
1018 839 1037 923 ΙΙ
1064 840 1433 925 μιμήσεως
1463 843 1627 904 det.
1660 879 1743 888 —-
1774 841 2079 922 ὑπέσχετο
2103 895 2117 907 .
2140 895 2154 907 .
2192 844 2322 904 ε’πι-

377 949 766 1021 δείξασθαι
795 939 816 1025 Ι
844 946 1322 1022 ἐπιδείξεσθαι
1353 941 1684 1006 ΩΓΨ-
1705 943 1822 1026 τήν
1852 969 1919 1008 τε
1944 944 2320 1025 Ἀφροδίτην

377 1052 486 1109 καὶ
515 1044 634 1111 τὸν
663 1045 803 1129 Ἄρη
846 1043 866 1129 Ι
909 1040 931 1130 [
965 1043 986 1132 ]
1020 1049 1304 1110 Paetzolt.
1369 1051 1629 1110 Damste.
1664 1083 1739 1093 —-
1772 1044 2274 1112 ὑποδεδοικότα
2303 1043 2325 1129 Ι

376 1147 470 1212 ὑπ
485 1174 523 1213 ο
539 1153 578 1213 δ
589 1173 617 1212 ε
631 1154 669 1214 δ
681 1146 886 1213 υκότα
932 1149 1095 1211 det.

87 1252 92 1293 Γ
179 1266 222 1309 c.
249 1254 341 1312 65.
374 1251 547 1315 οἶδε
575 1248 696 1331 γὰρ
738 1257 845 1315 καὶ
877 1252 948 1315 ἐν
979 1253 1246 1327 ἐκείνοις
1287 1259 1541 1328 μᾶλλον
1584 1254 2015 1333 ἐπαινουμένη
2059 1259 2156 1336 τῷ
2200 1252 2322 1314 έοι-

44 1406 82 1539 [ᾗ

50 1580 88 1633 ῃχξ
177 1573 221 1613 e.
246 1561 344 1617 66.

379 1355 559 1416 κέναι
601 1350 621 1435 fl
663 1378 701 1418 ο
715 1352 757 1416 v‘
771 1359 809 1418 δ
819 1358 848 1416 ὲ·
863 1378 903 1417 ν
946 1352 1066 1433 γὰρ
1110 1360 1216 1416 καὶ
1248 1355 1317 1417 ἐν
1348 1356 1615 1431 ἐκείνοις
1656 1364 1909 1431 μᾶλλον
1955 1357 2074 1417 ἐπα
2088 1379 2164 1417 ιν
2180 1377 2217 1417 ο
2238 1361 2277 1416 ὗ
2295 1390 2322 1399 -

376 1479 520 1531 μεν
565 1448 612 1535 ἢ
655 1453 744 1519 τὸ
789 1457 1063 1519 ἐοικέναι
1108 1456 1368 1533 Madvig.

378 1555 629 1634 πολλὰς
673 1562 750 1621 δὲ
795 1555 932 1633 τὰς
973 1555 1185 1636 ψυχάς
1212 1553 1233 1639 Ι
1260 1577 1372 1619 om.
1418 1556 1556 1635 τὰς
1598 1559 1673 1628 Ἡ.

174 1676 218 1718 c.
245 1664 341 1722 67.
374 1659 498 1726 οὐκ
538 1657 898 1736 άπεικότως
928 1665 993 1724 δὲ
1023 1666 1132 1723 καὶ
1162 1664 1226 1724 οὶ
1275 1660 1623 1725 Ἰταλιῶται
1667 1657 1784 1725 τὸν
1814 1658 2131 1742 ὀρχηστὴν
2162 1685 2322 1723 παν-

53 3267 54 3274 Ὶ
154 3211 206 3252 c.
237 3198 342 3255 68.

378 1761 655 1840 τόμιμον
711 1771 1026 1827 καλοῖσιν
1079 1760 1233 1827 άπὸ
1290 1771 1437 1827 τοῦ
1495 1767 1909 1843 δρωμένου
1968 1760 2322 1844 σχεδόνῆ

381 1861 537 1949 [άπὸ
567 1891 618 1930 τ.
655 1870 706 1930 δ.
743 1861 862 1949 σχ.]
906 1866 1072 1927 det.
1137 1868 1295 1926 Male
1338 1868 1564 1926 intrusa
1606 1867 1757 1927 haec
1801 1862 1931 1929 άπὸ
1975 1917 1988 1929 .
2025 1917 2038 1930 .
2093 1862 2318 1946 σχεδόν

377 1968 457 2028 ad
500 1968 911 2045 explicandam
953 1986 1161 2028 vocem
1217 1971 1592 2047 pantomimi,
1654 1970 1753 2044 qni
1798 1967 1941 2043 quid
1981 1969 2059 2027 sit
2101 1970 2318 2044 optime

377 2073 635 2131 cernitur
664 2089 740 2130 ex
782 2071 1165 2146 sequentibus
1209 2075 1424 2146 poetae
1466 2071 1668 2131 verbis
1712 2067 1874 2150 καλὴ
1918 2066 2038 2151 γὰρ
2070 2067 2107 2149 ἦ
2139 2093 2320 2149 ποιη-

379 2170 524 2254 τικὴ
554 2178 928 2255 παραίνεσις
961 2174 1167 2254 ἐκείνη
1197 2168 1304 2236 τότ
1351 2167 1452 2252 ,,ὦ
1483 2188 1619 2252 παῖ,
1666 2178 1944 2237 ποντίου
1985 2169 2189 2254 θηρὸς
2220 2196 2327 2234 πε-

376 2282 607 2358 τραίου
650 2271 813 2339 νόον
858 2277 1058 2355 ἴσχων
1101 2273 1398 2352 πάσαις
1459 2283 1791 2340 πολίεσσιν
1837 2273 2084 2351 ὃμίλει“
2132 2280 2191 2335 et
2234 2279 2331 2337 δεῖ

378 2376 765 2460 προσφύντα
794 2393 933 2454 τοῖς
963 2376 1286 2458 πράγμασι
1317 2387 1731 2443 συνοικειοῦν
1761 2376 1994 2442 ἑαυτὸν
2024 2374 2324 2461 ἑκάστῳ

377 2488 536 2543 τῶν
580 2483 1039 2560 δρωμένων.
1117 2481 1270 2539 Nam
1313 2482 1417 2539 vix
1455 2482 1772 2556 quicquam
1817 2485 1925 2559 est,
1973 2480 2131 2555 quod
2175 2498 2323 2556 pan-

376 2584 628 2642 tomimis
671 2584 983 2642 saltatione
1029 2584 1360 2658 exprimere
1405 2600 1523 2642 non
1567 2584 1645 2641 sit
1685 2583 2068 2658 propositum.
2158 2580 2326 2642 Sicut

376 2686 531 2744 enim
575 2687 833 2760 polypus
863 2684 1129 2745 omnibus
1159 2686 1319 2743 saxis
1351 2686 1435 2743 ita
1463 2701 1529 2743 se
1562 2684 1811 2760 adfingit
1841 2689 2018 2759 atque
2065 2684 2321 2743 adsimu-

379 2788 495 2865 lat,
541 2791 606 2846 nt
645 2804 889 2862 prorsus
935 2805 1066 2845 cnm
1109 2788 1182 2845 iis
1227 2789 1567 2847 coalescere
1611 2805 1807 2862 neque
1852 2789 2084 2847 omnino
2130 2786 2205 2846 ab
2250 2788 2321 2847 iis

377 2888 638 2951 discerni
679 2892 886 2967 possit,
931 2892 1018 2949 sic
1059 2888 1399 2949 histrionem
1443 2906 1692 2949 necesse
1725 2895 1816 2949 est
1844 2908 2047 2949 omnes
2090 2891 2192 2949 vel
2236 2890 2321 2949 di-

375 2993 746 3051 versissimas
800 3009 1087 3066 personas
1131 2991 1410 3050 imitando
1454 2993 1542 3051 sic
1587 2993 1952 3070 exprimere,
2010 2997 2076 3051 ut
2120 3009 2321 3066 quem-

377 3112 628 3168 cumque
673 3096 733 3152 in
777 3111 998 3154 scaena
1039 3095 1295 3152 imitatur
1336 3095 1466 3169 ipse
1513 3111 1645 3153 esse
1689 3094 1976 3154 videatur.

375 3193 520 3271 ἑνὸς
578 3192 929 3259 ἑκάστου
985 3196 1230 3274 ἔργου
1287 3192 1404 3275 τὴν
1464 3196 1764 3271 ἐπίδειξιν
1822 3197 1940 3274 ἔχει
1983 3193 2002 3277 Γ,
2046 3196 2319 3259 ἕκαστον

374 3298 636 3374 Madvig.
682 3333 764 3341 ——
809 3295 1170 3378 ὑποκριτοῦ
1214 3295 1634 3374 εὐφωνίαν
1665 3295 1683 3378 ΙΙ
1713 3296 2105 3379 εὐφορίαν
2155 3300 2317 3363 det.

373 3418 510 3459 nam
539 3402 1024 3476 pantomimorum
1054 3417 1149 3459 ars
1183 3395 1566 3479 (ὑπόκρισις)
1599 3402 1756 3460 inest
1783 3402 1843 3459 in
1875 3397 2317 3482 ὑπορχεῖσθαι,

373 3520 525 3561 voce
569 3520 687 3562 non
743 3503 938 3562 utitur.
1027 3501 1115 3561 Of.
1161 3502 1312 3561 Poll.
1359 3499 1661 3562 Onomast.
1708 3502 1807 3563 IV.
1857 3507 1957 3562 97.
2006 3501 2317 3585 ὀρχηστὴς

377 3601 693 3683 εὖφορίαν
739 3608 1117 3684 ίσοφορίαν,
1165 3601 1482 3679 εὐταξίαν.
1577 3604 1880 3665 Lucisnea
1923 3624 1983 3681 p.
2030 3610 2130 3668 98.

147 3721 200 3762 c.
234 3708 337 3765 69.
364 3701 846 3784 χειροσόφους
875 3701 892 3784 ΙΞ
916 3700 1378 3784 χειρισόφους
1423 3703 1556 3773 ἩΓ
1590 3706 1800 3765 Harl.

143 3822 199 3866 c.
236 3809 335 3866 70.

368 3808 821 3887 κατέσπαρται
856 3804 873 3887 {l
907 3808 1372 3886 παρέσπαρται
1420 3802 1633 3874 «ΩΉΓ
1666 3809 1870 3868 Harl.
1918 3841 2003 3853 —
2049 3805 2149 3873 ὅτι
2194 3819 2317 3875 καὶ
2366 3808 2375 3816 ’

374 3905 562 3989 αὕτη
593 3905 1054 3990 Πυθαγορικόν
1085 3934 1145 3971 τι
1177 3905 1378 3987 δόγμα
1427 3914 1770 3974 αἰνίττεται
1799 3908 1818 3989 ss
1848 3907 2020 3993 αὕτη
2066 3920 2197 3977 καὶ
2238 3923 2311 3981 Π.

372 4010 537 4072 det.

264 4113 432 4160 Lucian
465 4117 522 4160 ll.
555 4122 591 4160 ι.
1944 4115 2008 4164 22
