2800 4500
383 255 508 315 340
1122 253 1501 310 ADNOTATIO
1538 253 1806 308 CRITICA.

383 436 559 492 c.·10.
593 427 682 506 ὡς
713 428 793 494 ἂν
826 428 1035 512 ἱερών.
1083 427 1199 511 ἤδη
1229 431 1646 509 γεγενημένοι.
1729 427 1818 489 Of.
1851 430 2076 504 Tyran.
2125 448 2175 488 c.
2212 433 2246 489 3
2288 463 2364 473 -
2396 424 2537 492 ἐκά-

593 540 687 596 λει
732 531 799 596 δ’
846 528 967 597 οὖν
1010 556 1097 609 με
1140 529 1509 607 τοῦνομα
1551 525 1571 612 ΙΙ
1610 527 1781 606 μετ’
1838 526 2251 607 ὀνόματος
2295 532 2534 592 Kaibel.

595 668 678 680 —--
719 632 868 713 λὰξ
911 631 1196 716 πατήσας
1224 630 1243 714 ΙΙ
1272 628 1702 714 λακπατήσας
1746 632 1890 694 Oob.
1937 667 2022 676 -—
2066 634 2146 696 ἐν
2192 629 2541 715 δεσμοῖςΙ

595 737 952 814 ἔνδεσμος
1002 737 1073 802 Γ.

386 860 435 904 c.
472 849 567 903 11.
598 844 875 905 πέττων
901 837 920 922 ΙΙ
951 847 1235 904 πιττῶν
1263 839 1502 899 Kaibel.
1549 872 1629 883 -
1674 835 2058 901 ἐκάλλυνεν
2089 835 2107 918 ΙΙ
2136 834 2538 903 ἐκάλλυνον

599 942 738 1003 Cob.
768 948 918 1022 ,,καὶ
942 939 1063 1022 γὰρ
1089 938 1286 1017 αὐτὸς
1310 936 1743 1004 ἐκαλλύνετο“
1763 939 2000 1002 Kaibel.
2026 975 2108 985 —-
2130 943 2498 1021 μερμέριον
2520 937 2540 1023 Ι

596 1048 964 1126 τερμέριον
1009 1044 1153 1106 Oob.
1199 1078 1282 1088 -
1325 1048 1691 1123 θεοεχθρίᾳ
1720 1039 1740 1125 fl
1767 1048 2221 1125 θεοισεχθρία
2266 1042 2409 1103 Ddf.
2454 1077 2538 1087 -

600 1143 1064 1210 ἐπινύσσων
1094 1144 1114 1228 ΙΙ
1144 1147 1594 1208 ἐπίνυσκον
1641 1145 1860 1206 Kaibel
1905 1148 2166 1223 egregie.

387 1269 435 1310 c.
471 1255 564 1310 14.
598 1247 1127 1330 θριπηδεστάτοις
1169 1245 1190 1329 ΙΙ
1230 1250 1680 1329 θριπηδέστοις
1712 1247 1762 1309 21
1807 1280 1887 1291 -
1934 1244 2382 1325 ἐνοινοφλύειν
2419 1245 2440 1327 ΙΙ
2469 1248 2542 1310 ἐν

599 1352 758 1436 οἴνῳ
791 1348 1019 1429 φλύειν
1050 1347 1115 1415 Β.
1152 1384 1233 1396 -
1266 1346 1450 1431 ἥδιον
1481 1346 1563 1414 ἂν
1609 1345 2130 1435 εὐζωρότερῳ
2177 1347 2543 1414 ὑποπυκ-

599 1449 927 1532 νάζοιμι
957 1448 977 1533 ΙΙ
1004 1449 1420 1536 εὐζωρότερῳ
1466 1447 1732 1514 πυκνὰ
1770 1448 2341 1530 ἐπιψεκάζοιμι
2372 1451 2541 1512 det.

600 1555 691 1616 Cf.
721 1556 993 1632 Xenoph.
1039 1555 1308 1632 Sympos.
1339 1555 1398 1613 II
1429 1573 1480 1616 c.
1514 1558 1592 1614 26
1634 1546 1810 1617 οὕτω
1842 1557 1907 1617 δὲ
1936 1559 2043 1617 καὶ
2074 1551 2249 1634 ἡμεῖς
2297 1551 2375 1635 ἢν
2421 1558 2543 1630 μὲν

596 1652 860 1738 ἀθρόως
890 1655 966 1721 τὸ
995 1654 1203 1721 ποτὸν
1236 1652 1616 1737 ἐγχεώμεθα,
1650 1653 1810 1736 ταχὺ
1842 1654 1992 1735 ἡμῖν
2023 1660 2129 1720 καὶ
2160 1653 2238 1720 τὰ
2272 1651 2541 1732 σώματα

597 1764 702 1823 καὶ
748 1763 811 1822 αὶ
854 1767 1103 1838 γνῶμαι
1150 1766 1553 1836 σφαλοῦνται
1597 1763 1703 1821 καὶ
1750 1755 1899 1822 οὐδὲ
1946 1756 2260 1822 ἀναπνεῖν
2304 1753 2389 1838 μὴ
2439 1752 2546 1820 ὅτι

597 1863 802 1939 λέγειν
860 1863 1280 1941 δυνησομέθα.
1387 1857 1481 1940 ἢν
1538 1863 1614 1922 δὲ
1673 1856 1861 1940 ἡμῖν
1921 1863 1994 1924 οἱ
2068 1863 2351 1935 παῖδες
2422 1883 2546 1936 μι-

598 1976 830 2043 κραῖς
860 1959 1131 2040 κύλιξι
1165 1958 1430 2025 πυκνὰ
1475 1959 2116 2042 ἐπιψεκάζωσιν,
2163 2009 2176 2023 .
2211 2005 2226 2021 .
2261 2005 2276 2020 .
2325 1957 2543 2038 οὕτως

602 2063 683 2129 ου’
724 2061 1093 2144 βιαζόμενοι
1144 2061 1274 2127 ὑπὸ
1317 2072 1440 2127 τοῦ
1485 2065 1674 2128 οἴνου
1724 2062 2017 2144 μεθύειν,
2075 2062 2196 2127 α’λλ
2216 2061 2231 2085 ’
2284 2061 2548 2128 ἀναπει-

599 2163 871 2243 θόμενοι
915 2163 1079 2247 πρὸς
1107 2160 1192 2230 τό
1215 2169 1793 2247 παιγνιωδέστερον
1840 2162 2217 2244 ἀφιξόμεθα.
2299 2165 2420 2227 Cic.
2470 2167 2550 2227 de

602 2274 905 2331 senectute
952 2288 1003 2329 c.
1043 2274 1135 2331 14.

773 2371 958 2433 Simili
998 2372 1192 2452 modo,
1223 2373 1275 2432 si
1304 2376 1467 2432 recte
1497 2372 1694 2451 video,
1737 2372 2037 2432 Eudemus
2070 2372 2226 2451 dicit,
2273 2375 2449 2434 malle
2479 2390 2550 2434 se

603 2476 842 2550 puriore
887 2474 949 2534 id
981 2479 1072 2536 est
1113 2472 1435 2535 fervidiore
1480 2476 1618 2535 vino
1662 2474 1981 2535 identidem
2024 2477 2292 2552 guttatim
2333 2477 2551 2536 hausto

607 2578 892 2640 delectari
933 2580 1175 2655 vinique
1220 2580 1420 2640 calore
1466 2597 1541 2639 ex
1584 2578 1807 2655 frigore
1851 2581 2130 2658 recreari,
2178 2597 2293 2655 quo
2337 2581 2552 2640 melius

609 2681 890 2758 deinceps
937 2682 1220 2757 colloquii
1266 2686 1325 2742 et
1367 2683 1627 2742 musicae
1674 2681 1902 2741 deliciis
1949 2700 2166 2742 vacare
2210 2684 2412 2758 possit.

395 2800 445 2841 c.
481 2786 573 2842 15.
606 2777 708 2857 ὡς
754 2779 1283 2864 ἀρχαιολογήσων
1310 2780 1329 2865 ΙΙ
1360 2801 1486 2843 om.
1533 2780 1621 2858 ὡς
1665 2782 1828 2844 det.

395 2902 443 2945 c.
479 2889 572 2943 17.
603 2880 642 2964 ἢ
673 2888 912 2948 οἰκεῖον
944 2881 982 2965 ἢ
1013 2881 1250 2948 εὔνουν
1273 2880 1346 2966 1Ιῖ
1381 2889 1624 2949 οἰκεῖον
1655 2882 1911 2964 εὔνουν,
1960 2903 2070 2946 om.
2105 2886 2293 2945 altero
2325 2881 2362 2964 ἢ
2397 2883 2548 2945 Cob.

394 3005 443 3047 c.
477 2989 570 3048 18.
604 2986 700 3049 ἑνί
742 3009 809 3065 γε
853 3009 955 3070 τῳ
1001 2983 1273 3071 τρόπω
1302 2983 1322 3069 ΙΙ
1348 2994 1506 3050 τῶν
1551 2983 1879 3068 τρόπων
1925 2984 2063 3056 ΉΓ.

395 3108 442 3151 c.
477 3093 571 3150 19.
603 3084 719 3152 τὸν
761 3084 1147 3170 εταίριονΙΙ
1175 3089 1605 3169 ‘nitatem’
1636 3085 1699 3157 ⁶21
1743 3121 1823 3133 --
1863 3085 2112 3168 χρόνου
2144 3084 2162 3167 ΙΙ
2184 3084 2430 3169 χρόνον
2463 3086 2543 3155 Ἡ.

395 3210 444 3252 c.
472 3194 570 3251 20.
603 3187 731 3269 πρὸ
769 3196 999 3269 χιλίων
1046 3191 1211 3254 ἐτῶν
1240 3188 1259 3273 ΙΙ
1287 3187 1387 3266 ὡς
1435 3187 1562 3271 πρὸ
1600 3214 1654 3269 χ.
1709 3191 1788 3254 ἔτ.
1841 3189 1982 3251 Oob.
2042 3224 2125 3234 -
2164 3195 2483 3269 χολωτῶν
2530 3184 2551 3269 ΙΙ

601 3288 1046 3372 χολώντων
1093 3292 1235 3354 Oob.
1281 3290 1419 3361 (ΜΓ.

399 3414 447 3455 c.
477 3398 574 3455 21.
606 3391 870 3470 ἄμεινον
930 3398 993 3458 δὲ
1038 3398 1095 3457 εἰ
1135 3399 1242 3457 καὶ
1297 3390 1475 3458 κάτω
1534 3390 1979 3475 διαχωρήσειεν
2039 3392 2133 3457 ἂν
2178 3394 2314 3456 ἔνια
2358 3390 2376 3475 ΙΙ
2420 3411 2549 3455 om.

611 3493 698 3559 ἂν
748 3496 914 3558 det.

398 3618 448 3660 c.
476 3602 575 3659 22.
610 3603 1170 3680 προωδοποίηται
1212 3595 1231 3681 ΙΙ
1275 3603 1941 3679 προωδοπεποίηται
1986 3597 2039 3660 21
2068 3596 2211 3657 Ddf.
2259 3630 2340 3642 -
2386 3597 2556 3676 ἐγγε-

607 3705 1140 3781 γυμνασμένος
1215 3698 1866 3780 ἐγγυμνασάμενος
1912 3697 2057 3760 «ΩΓ
2075 3702 2275 3761 Harl.
2309 3700 2548 3764 Kaibel.

400 3824 447 3867 c.
477 3808 575 3865 23.
610 3805 712 3867 ἐπὶ
755 3812 850 3889 τῷ
887 3811 1132 3885 χείρονι
1177 3801 1195 3885 ΙΙ
1238 3804 1339 3867 ἐπὶ
1384 3799 1463 3867 τὸ
1500 3817 1721 3885 χεῖρον
1767 3800 1841 3872 ⁹21.
1907 3838 1990 3847 —
2046 3799 2354 3879 πάμπολυ
2401 3808 2557 3865 λίαν

610 3914 733 3969 νῦν
761 3901 782 3989 fl
811 3924 921 3968 om.
966 3913 1113 3970 λίαν
1158 3905 1298 3968 Ddf.

403 4027 452 4069 c.
482 4012 581 4068 24.
617 4004 698 4070 ἂν
742 4004 827 4088 μὴ
875 4005 1244 4089 παραβύσῃς
1290 4005 1450 4071 αὐτό
1498 4033 1653 4073 που
1683 4004 1701 4088 ΙΙ
1731 4031 1864 4071 ποι
1912 4007 2052 4068 Cob.
