<?xml version="1.0" encoding="UTF-8"?>
<!DOCTYPE html PUBLIC "-//W3C//DTD XHTML 1.0 Transitional//EN"
    "http://www.w3.org/TR/xhtml1/DTD/xhtml1-transitional.dtd">
<html xmlns="http://www.w3.org/1999/xhtml" xml:lang="en" lang="en">
 <head>
  <title>
</title>
<meta http-equiv="Content-Type" content="text/html;charset=utf-8" />
  <meta name='ocr-system' content='tesseract 3.04.00' />
  <meta name='ocr-capabilities' content='ocr_page ocr_carea ocr_par ocr_line ocrx_word'/>
</head>
<body>
  <div class='ocr_page' id='page_1' title='image "./lucianus00sommgoog/lucianus00sommgoog_0269.png"; bbox 0 0 2800 4500; ppageno 0'>
   <div class='ocr_carea' id='block_1_1' title="bbox 169 988 318 1044">
    <p class='ocr_par' dir='ltr' id='par_1_1' title="bbox 169 988 318 1044">
     <span class='ocr_line' id='line_1_1' title="bbox 169 988 318 1044; baseline 0.013 -2"><span class='ocrx_word' id='word_1_1' title='bbox 169 1001 209 1043; x_wconf 84' lang='lat' dir='ltr'><em>c.</em></span> <span class='ocrx_word' id='word_1_2' title='bbox 231 988 318 1044; x_wconf 86' lang='lat'><em>45.</em></span> 
     </span>
    </p>
   </div>
   <div class='ocr_carea' id='block_1_2' title="bbox 166 1619 317 1675">
    <p class='ocr_par' dir='ltr' id='par_1_2' title="bbox 166 1619 317 1675">
     <span class='ocr_line' id='line_1_2' title="bbox 166 1619 317 1675; baseline 0.02 -3"><span class='ocrx_word' id='word_1_3' title='bbox 166 1631 208 1672; x_wconf 81' lang='lat' dir='ltr'><em>c.</em></span> <span class='ocrx_word' id='word_1_4' title='bbox 228 1619 317 1675; x_wconf 91' lang='grc'><em>46.</em></span> 
     </span>
    </p>
   </div>
   <div class='ocr_carea' id='block_1_3' title="bbox 171 2268 319 2323">
    <p class='ocr_par' dir='ltr' id='par_1_3' title="bbox 171 2268 319 2323">
     <span class='ocr_line' id='line_1_3' title="bbox 171 2268 319 2323; baseline 0.041 -5"><span class='ocrx_word' id='word_1_5' title='bbox 171 2278 210 2320; x_wconf 79' lang='lat' dir='ltr'><em>e.</em></span> <span class='ocrx_word' id='word_1_6' title='bbox 230 2268 319 2323; x_wconf 92' lang='grc'><em>47.</em></span> 
     </span>
    </p>
   </div>
   <div class='ocr_carea' id='block_1_4' title="bbox 691 279 2283 340">
    <p class='ocr_par' dir='ltr' id='par_1_4' title="bbox 691 279 2283 340">
     <span class='ocr_line' id='line_1_4' title="bbox 691 279 2283 340; baseline 0.004 -8"><span class='ocrx_word' id='word_1_7' title='bbox 691 280 1084 333; x_wconf 82' lang='lat' dir='ltr'><strong>ALEXANDER</strong></span> <span class='ocrx_word' id='word_1_8' title='bbox 1120 282 1176 334; x_wconf 92' lang='lat' dir='ltr'><em>S.</em></span> <span class='ocrx_word' id='word_1_9' title='bbox 1213 279 1735 334; x_wconf 82' lang='lat' dir='ltr'>PSEUDOMANTlS.</span> <span class='ocrx_word' id='word_1_10' title='bbox 2161 280 2283 340; x_wconf 83' lang='lat'><em>253</em></span> 
     </span>
    </p>
   </div>
   <div class='ocr_carea' id='block_1_5' title="bbox 342 452 2294 1579">
    <p class='ocr_par' dir='ltr' id='par_1_5' title="bbox 342 452 2293 947">
     <span class='ocr_line' id='line_1_5' title="bbox 342 452 2288 541; baseline 0.002 -25"><span class='ocrx_word' id='word_1_11' title='bbox 342 452 416 516; x_wconf 99' lang='grc' dir='ltr'><em>Ψ</em></span> <span class='ocrx_word' id='word_1_12' title='bbox 469 491 555 500; x_wconf 93' lang='grc'>-</span> <span class='ocrx_word' id='word_1_13' title='bbox 612 458 676 533; x_wconf 88' lang='grc' dir='ltr'><em>ἐς</em></span> <span class='ocrx_word' id='word_1_14' title='bbox 724 459 1059 537; x_wconf 81' lang='grc' dir='ltr'><em>Αἴγυπτον</em></span> <span class='ocrx_word' id='word_1_15' title='bbox 1103 452 1123 539; x_wconf 78' lang='lat' dir='ltr'>fl</span> <span class='ocrx_word' id='word_1_16' title='bbox 1164 461 1251 535; x_wconf 88' lang='grc' dir='ltr'><em>εἰς</em></span> <span class='ocrx_word' id='word_1_17' title='bbox 1297 462 1432 537; x_wconf 81' lang='grc' dir='ltr'><em>Αἰγ.</em></span> <span class='ocrx_word' id='word_1_18' title='bbox 1484 452 1662 520; x_wconf 69' lang='lat' dir='ltr'><em>QUI*</em></span> <span class='ocrx_word' id='word_1_19' title='bbox 1718 492 1801 502; x_wconf 93' lang='lat'><em>—-</em></span> <span class='ocrx_word' id='word_1_20' title='bbox 1857 458 1920 533; x_wconf 85' lang='grc' dir='ltr'><em>ἐς</em></span> <span class='ocrx_word' id='word_1_21' title='bbox 1965 454 2088 522; x_wconf 86' lang='grc' dir='ltr'><em>Ἰνδ.</em></span> <span class='ocrx_word' id='word_1_22' title='bbox 2138 453 2159 541; x_wconf 67' lang='lat' dir='ltr'>fl</span> <span class='ocrx_word' id='word_1_23' title='bbox 2203 462 2288 533; x_wconf 88' lang='grc' dir='ltr'><em>εἰς</em></span> 
     </span>
     <span class='ocr_line' id='line_1_6' title="bbox 346 554 2287 642; baseline 0 -19"><span class='ocrx_word' id='word_1_24' title='bbox 346 557 465 623; x_wconf 79' lang='grc' dir='ltr'><em>Ἰνδ.</em></span> <span class='ocrx_word' id='word_1_25' title='bbox 516 554 692 619; x_wconf 66' lang='lat' dir='ltr'><em>QUI*</em></span> <span class='ocrx_word' id='word_1_26' title='bbox 754 594 836 604; x_wconf 91' lang='lat'><em>—-</em></span> <span class='ocrx_word' id='word_1_27' title='bbox 893 557 1279 641; x_wconf 73' lang='grc' dir='ltr'><em>κάπειδήπερ</em></span> <span class='ocrx_word' id='word_1_28' title='bbox 1332 559 1683 642; x_wconf 76' lang='grc' dir='ltr'><em>ἐβράδυνεν</em></span> <span class='ocrx_word' id='word_1_29' title='bbox 1727 554 1747 642; x_wconf 88' lang='grc' dir='ltr'><em>ΙΙ</em></span> <span class='ocrx_word' id='word_1_30' title='bbox 1789 557 2053 641; x_wconf 75' lang='grc' dir='ltr'><em>κάπειδὴ</em></span> <span class='ocrx_word' id='word_1_31' title='bbox 2098 583 2287 641; x_wconf 81' lang='grc' dir='ltr'><em>παρε-</em></span> 
     </span>
     <span class='ocr_line' id='line_1_7' title="bbox 343 657 2293 745; baseline 0.001 -20"><span class='ocrx_word' id='word_1_32' title='bbox 343 657 661 743; x_wconf 80' lang='grc' dir='ltr'><em>βράδυνεν</em></span> <span class='ocrx_word' id='word_1_33' title='bbox 707 657 785 721; x_wconf 88' lang='grc' dir='ltr'><em>Ψ</em></span> <span class='ocrx_word' id='word_1_34' title='bbox 829 696 910 706; x_wconf 93' lang='grc'><strong>-</strong></span> <span class='ocrx_word' id='word_1_35' title='bbox 955 670 1210 743; x_wconf 78' lang='grc' dir='ltr'><em>λῃστῶν</em></span> <span class='ocrx_word' id='word_1_36' title='bbox 1253 657 1272 744; x_wconf 89' lang='grc' dir='ltr'><em>ΙΙ</em></span> <span class='ocrx_word' id='word_1_37' title='bbox 1313 671 1571 744; x_wconf 82' lang='grc' dir='ltr'><em>ληστῶν</em></span> <span class='ocrx_word' id='word_1_38' title='bbox 1616 657 1667 720; x_wconf 93' lang='grc' dir='ltr'>Γ</span> <span class='ocrx_word' id='word_1_39' title='bbox 1711 698 1794 707; x_wconf 95' lang='grc'><strong>-</strong></span> <span class='ocrx_word' id='word_1_40' title='bbox 1840 666 2077 727; x_wconf 84' lang='grc' dir='ltr'><em>πολλοὶ</em></span> <span class='ocrx_word' id='word_1_41' title='bbox 2120 657 2293 745; x_wconf 79' lang='grc' dir='ltr'><em>γὰρΙ</em></span> 
     </span>
     <span class='ocr_line' id='line_1_8' title="bbox 346 759 2290 848; baseline 0.001 -21"><span class='ocrx_word' id='word_1_42' title='bbox 346 788 404 828; x_wconf 84' lang='grc' dir='ltr'><em>π.</em></span> <span class='ocrx_word' id='word_1_43' title='bbox 453 768 518 828; x_wconf 76' lang='grc' dir='ltr'><em>δὲ</em></span> <span class='ocrx_word' id='word_1_44' title='bbox 563 759 632 824; x_wconf 91' lang='grc' dir='ltr'>Ω</span> <span class='ocrx_word' id='word_1_45' title='bbox 678 798 759 808; x_wconf 90' lang='lat'><em>-—</em></span> <span class='ocrx_word' id='word_1_46' title='bbox 805 760 968 846; x_wconf 85' lang='grc' dir='ltr'><em>ἦσαν</em></span> <span class='ocrx_word' id='word_1_47' title='bbox 1012 761 1159 829; x_wconf 88' lang='grc' dir='ltr'><em>τότε</em></span> <span class='ocrx_word' id='word_1_48' title='bbox 1202 761 1220 847; x_wconf 80' lang='grc' dir='ltr'><em>ΙΙ</em></span> <span class='ocrx_word' id='word_1_49' title='bbox 1263 762 1409 829; x_wconf 85' lang='grc' dir='ltr'><em>τότε</em></span> <span class='ocrx_word' id='word_1_50' title='bbox 1437 760 1600 848; x_wconf 83' lang='grc' dir='ltr'><em>ἦσαν</em></span> <span class='ocrx_word' id='word_1_51' title='bbox 1631 760 1709 825; x_wconf 87' lang='grc' dir='ltr'><em>Ψ</em></span> <span class='ocrx_word' id='word_1_52' title='bbox 1754 799 1837 809; x_wconf 93' lang='lat'><em>—-</em></span> <span class='ocrx_word' id='word_1_53' title='bbox 1883 763 2241 846; x_wconf 72' lang='grc' dir='ltr'><em>ἀνῃρῆσθαι</em></span> <span class='ocrx_word' id='word_1_54' title='bbox 2271 762 2290 846; x_wconf 85' lang='grc' dir='ltr'><em>ΙΙ</em></span> 
     </span>
     <span class='ocr_line' id='line_1_9' title="bbox 348 860 802 947; baseline -0.009 -19"><span class='ocrx_word' id='word_1_55' title='bbox 348 863 705 947; x_wconf 78' lang='grc' dir='ltr'><em>α’νηρῆσθαι</em></span> <span class='ocrx_word' id='word_1_56' title='bbox 751 860 802 924; x_wconf 91' lang='grc' dir='ltr'>Γ</span> 
     </span>
    </p>

    <p class='ocr_par' dir='ltr' id='par_1_6' title="bbox 343 980 2294 1580">
     <span class='ocr_line' id='line_1_10' title="bbox 347 980 2290 1067; baseline -0.001 -20"><span class='ocrx_word' id='word_1_57' title='bbox 347 986 588 1049; x_wconf 84' lang='grc' dir='ltr'><em>ἐκέλευε</em></span> <span class='ocrx_word' id='word_1_58' title='bbox 631 983 651 1067; x_wconf 89' lang='grc' dir='ltr'><em>ΙΙ</em></span> <span class='ocrx_word' id='word_1_59' title='bbox 695 987 982 1049; x_wconf 86' lang='grc' dir='ltr'><em>ἐκέλευεν</em></span> <span class='ocrx_word' id='word_1_60' title='bbox 1012 982 1062 1045; x_wconf 94' lang='grc' dir='ltr'>Γ</span> <span class='ocrx_word' id='word_1_61' title='bbox 1099 1021 1184 1030; x_wconf 89' lang='grc'><strong>-</strong></span> <span class='ocrx_word' id='word_1_62' title='bbox 1227 991 1334 1049; x_wconf 85' lang='grc' dir='ltr'><em>καὶ</em></span> <span class='ocrx_word' id='word_1_63' title='bbox 1384 983 1504 1050; x_wconf 83' lang='grc' dir='ltr'><em>Ἐπ.</em></span> <span class='ocrx_word' id='word_1_64' title='bbox 1542 982 1974 1067; x_wconf 78' lang='grc' dir='ltr'><em>κληθήσεσθαι</em></span> <span class='ocrx_word' id='word_1_65' title='bbox 2002 981 2023 1067; x_wconf 71' lang='lat' dir='ltr'>fl</span> <span class='ocrx_word' id='word_1_66' title='bbox 2052 1006 2165 1047; x_wconf 91' lang='lat' dir='ltr'><em>om.</em></span> <span class='ocrx_word' id='word_1_67' title='bbox 2212 980 2290 1045; x_wconf 89' lang='grc' dir='ltr'><em>Ψ</em></span> 
     </span>
     <span class='ocr_line' id='line_1_11' title="bbox 346 1082 2288 1169; baseline -0.001 -17"><span class='ocrx_word' id='word_1_68' title='bbox 346 1122 425 1131; x_wconf 89' lang='grc'>-</span> <span class='ocrx_word' id='word_1_69' title='bbox 474 1085 949 1168; x_wconf 77' lang='grc' dir='ltr'><em>Ἐπικουρείους</em></span> <span class='ocrx_word' id='word_1_70' title='bbox 989 1083 1010 1169; x_wconf 71' lang='lat' dir='ltr'>fl</span> <span class='ocrx_word' id='word_1_71' title='bbox 1056 1082 1477 1169; x_wconf 80' lang='grc' dir='ltr'><em>Ἐπικούρους</em></span> <span class='ocrx_word' id='word_1_72' title='bbox 1521 1083 1571 1146; x_wconf 94' lang='grc' dir='ltr'>Γ</span> <span class='ocrx_word' id='word_1_73' title='bbox 1632 1121 1715 1131; x_wconf 90' lang='grc'>-</span> <span class='ocrx_word' id='word_1_74' title='bbox 1767 1113 1865 1164; x_wconf 86' lang='grc' dir='ltr'><em>τις</em></span> <span class='ocrx_word' id='word_1_75' title='bbox 1909 1089 2062 1153; x_wconf 83' lang='grc' dir='ltr'><em>ἐπιδ.</em></span> <span class='ocrx_word' id='word_1_76' title='bbox 2173 1110 2288 1152; x_wconf 91' lang='lat' dir='ltr'><em>om.</em></span> 
     </span>
     <span class='ocr_line' id='line_1_12' title="bbox 343 1185 2291 1275; baseline 0.001 -22"><span class='ocrx_word' id='word_1_77' title='bbox 343 1214 436 1266; x_wconf 89' lang='grc' dir='ltr'><em>τις</em></span> <span class='ocrx_word' id='word_1_78' title='bbox 478 1185 557 1249; x_wconf 88' lang='grc' dir='ltr'><em>Ψ</em></span> <span class='ocrx_word' id='word_1_79' title='bbox 601 1225 684 1235; x_wconf 88' lang='grc'><strong>-</strong></span> <span class='ocrx_word' id='word_1_80' title='bbox 729 1188 851 1255; x_wconf 81' lang='grc' dir='ltr'><em>το““ὕ</em></span> <span class='ocrx_word' id='word_1_81' title='bbox 894 1187 1157 1254; x_wconf 83' lang='grc' dir='ltr'><em>Πόντου</em></span> <span class='ocrx_word' id='word_1_82' title='bbox 1199 1185 1218 1272; x_wconf 85' lang='grc' dir='ltr'><em>ΙΙ</em></span> <span class='ocrx_word' id='word_1_83' title='bbox 1259 1197 1397 1253; x_wconf 81' lang='grc' dir='ltr'><em>τῶν</em></span> <span class='ocrx_word' id='word_1_84' title='bbox 1443 1190 1511 1253; x_wconf 88' lang='grc' dir='ltr'><em>ἐν</em></span> <span class='ocrx_word' id='word_1_85' title='bbox 1555 1197 1651 1275; x_wconf 77' lang='grc' dir='ltr'><em>τῷ</em></span> <span class='ocrx_word' id='word_1_86' title='bbox 1680 1198 1753 1254; x_wconf 92' lang='grc' dir='ltr'><em>Π.</em></span> <span class='ocrx_word' id='word_1_87' title='bbox 1804 1185 2022 1268; x_wconf 65' lang='lat' dir='ltr'><em>mm)</em></span> <span class='ocrx_word' id='word_1_88' title='bbox 2071 1226 2145 1235; x_wconf 92' lang='lat'>—</span> <span class='ocrx_word' id='word_1_89' title='bbox 2196 1193 2291 1275; x_wconf 85' lang='grc' dir='ltr'><em>ἐρ-</em></span> 
     </span>
     <span class='ocr_line' id='line_1_13' title="bbox 345 1286 2293 1374; baseline 0.002 -19"><span class='ocrx_word' id='word_1_90' title='bbox 345 1288 586 1373; x_wconf 89' lang='grc' dir='ltr'><em>ρύσατο</em></span> <span class='ocrx_word' id='word_1_91' title='bbox 628 1288 648 1374; x_wconf 76' lang='grc' dir='ltr'><em>ΙΙ</em></span> <span class='ocrx_word' id='word_1_92' title='bbox 692 1286 966 1374; x_wconf 88' lang='grc' dir='ltr'><em>ἐρύσατο</em></span> <span class='ocrx_word' id='word_1_93' title='bbox 1013 1287 1145 1353; x_wconf 79' lang='grc' dir='ltr'><em>ΨΠ</em></span> <span class='ocrx_word' id='word_1_94' title='bbox 1192 1327 1272 1336; x_wconf 92' lang='grc'>-</span> <span class='ocrx_word' id='word_1_95' title='bbox 1325 1288 1501 1355; x_wconf 80' lang='grc' dir='ltr'><em>πάνυ</em></span> <span class='ocrx_word' id='word_1_96' title='bbox 1544 1287 1564 1373; x_wconf 73' lang='grc' dir='ltr'><em>ΙΙ</em></span> <span class='ocrx_word' id='word_1_97' title='bbox 1608 1311 1722 1353; x_wconf 90' lang='lat' dir='ltr'><em>om.</em></span> <span class='ocrx_word' id='word_1_98' title='bbox 1768 1287 1846 1351; x_wconf 90' lang='grc' dir='ltr'>Ψ</span> <span class='ocrx_word' id='word_1_99' title='bbox 1895 1328 1970 1338; x_wconf 93' lang='lat'>-</span> <span class='ocrx_word' id='word_1_100' title='bbox 2021 1295 2139 1358; x_wconf 82' lang='grc' dir='ltr'><em>ἔδει</em></span> <span class='ocrx_word' id='word_1_101' title='bbox 2182 1292 2293 1371; x_wconf 81' lang='grc' dir='ltr'><em>μό-</em></span> 
     </span>
     <span class='ocr_line' id='line_1_14' title="bbox 347 1390 2294 1481; baseline 0.002 -23"><span class='ocrx_word' id='word_1_102' title='bbox 347 1419 465 1459; x_wconf 88' lang='grc' dir='ltr'><em>νον</em></span> <span class='ocrx_word' id='word_1_103' title='bbox 507 1392 528 1478; x_wconf 87' lang='grc' dir='ltr'><em>ΙΙ</em></span> <span class='ocrx_word' id='word_1_104' title='bbox 567 1391 778 1472; x_wconf 88' lang='grc' dir='ltr'><em>μόνον</em></span> <span class='ocrx_word' id='word_1_105' title='bbox 824 1395 944 1459; x_wconf 81' lang='grc' dir='ltr'><em>ἔδει</em></span> <span class='ocrx_word' id='word_1_106' title='bbox 989 1390 1086 1474; x_wconf 83' lang='grc' dir='ltr'><em>Ψ,</em></span> <span class='ocrx_word' id='word_1_107' title='bbox 1134 1414 1247 1455; x_wconf 89' lang='lat' dir='ltr'><em>om.</em></span> <span class='ocrx_word' id='word_1_108' title='bbox 1292 1391 1505 1471; x_wconf 88' lang='grc' dir='ltr'><em>μόνον</em></span> <span class='ocrx_word' id='word_1_109' title='bbox 1549 1395 1605 1454; x_wconf 91' lang='lat' dir='ltr'>U</span> <span class='ocrx_word' id='word_1_110' title='bbox 1651 1430 1728 1440; x_wconf 91' lang='lat'><strong>—</strong></span> <span class='ocrx_word' id='word_1_111' title='bbox 1778 1397 1846 1460; x_wconf 88' lang='grc' dir='ltr'><em>ἐν</em></span> <span class='ocrx_word' id='word_1_112' title='bbox 1891 1394 2231 1474; x_wconf 74' lang='grc' dir='ltr'><em>τοσούτοις</em></span> <span class='ocrx_word' id='word_1_113' title='bbox 2276 1395 2294 1481; x_wconf 86' lang='grc' dir='ltr'><em>ΙΙ</em></span> 
     </span>
     <span class='ocr_line' id='line_1_15' title="bbox 348 1492 1726 1579; baseline 0 -23"><span class='ocrx_word' id='word_1_114' title='bbox 348 1515 457 1558; x_wconf 90' lang='lat' dir='ltr'><em>om.</em></span> <span class='ocrx_word' id='word_1_115' title='bbox 503 1498 574 1561; x_wconf 90' lang='grc' dir='ltr'><em>ἐν</em></span> <span class='ocrx_word' id='word_1_116' title='bbox 617 1492 698 1557; x_wconf 88' lang='grc' dir='ltr'><em>Ψ</em></span> <span class='ocrx_word' id='word_1_117' title='bbox 740 1531 824 1541; x_wconf 91' lang='grc'><em>--</em></span> <span class='ocrx_word' id='word_1_118' title='bbox 864 1493 1176 1579; x_wconf 85' lang='grc' dir='ltr'><em>μεμηνόσι</em></span> <span class='ocrx_word' id='word_1_119' title='bbox 1278 1493 1629 1578; x_wconf 82' lang='grc' dir='ltr'><em>μεμηνόσιν</em></span> <span class='ocrx_word' id='word_1_120' title='bbox 1677 1493 1726 1555; x_wconf 94' lang='grc' dir='ltr'>Γ</span> 
     </span>
    </p>
   </div>
   <div class='ocr_carea' id='block_1_6' title="bbox 345 1610 2297 2212">
    <p class='ocr_par' dir='ltr' id='par_1_7' title="bbox 345 1610 2297 2212">
     <span class='ocr_line' id='line_1_16' title="bbox 345 1610 2292 1699; baseline 0.001 -21"><span class='ocrx_word' id='word_1_121' title='bbox 345 1639 543 1680; x_wconf 87' lang='grc' dir='ltr'><em>τινων</em></span> <span class='ocrx_word' id='word_1_122' title='bbox 616 1640 762 1680; x_wconf 92' lang='grc' dir='ltr'><em>τινα</em></span> <span class='ocrx_word' id='word_1_123' title='bbox 794 1611 872 1675; x_wconf 89' lang='grc' dir='ltr'>Ψ</span> <span class='ocrx_word' id='word_1_124' title='bbox 913 1640 1040 1680; x_wconf 90' lang='grc' dir='ltr'><em>τινι</em></span> <span class='ocrx_word' id='word_1_125' title='bbox 1071 1610 1246 1677; x_wconf 82' lang='grc' dir='ltr'><em>ΩΠΓ</em></span> <span class='ocrx_word' id='word_1_126' title='bbox 1297 1649 1375 1659; x_wconf 90' lang='grc'>-</span> <span class='ocrx_word' id='word_1_127' title='bbox 1421 1617 2016 1697; x_wconf 82' lang='grc' dir='ltr'><em>προσκαλουμένων</em></span> <span class='ocrx_word' id='word_1_128' title='bbox 2048 1612 2068 1698; x_wconf 86' lang='grc' dir='ltr'><em>ΙΙ</em></span> <span class='ocrx_word' id='word_1_129' title='bbox 2096 1635 2292 1699; x_wconf 89' lang='grc' dir='ltr'><em>προσ-</em></span> 
     </span>
     <span class='ocr_line' id='line_1_17' title="bbox 346 1713 2294 1804; baseline 0.001 -23"><span class='ocrx_word' id='word_1_130' title='bbox 346 1721 729 1804; x_wconf 81' lang='grc' dir='ltr'><em>καλουμένῳ</em></span> <span class='ocrx_word' id='word_1_131' title='bbox 766 1713 891 1779; x_wconf 79' lang='grc' dir='ltr'><em>ΩΠ</em></span> <span class='ocrx_word' id='word_1_132' title='bbox 935 1721 1514 1801; x_wconf 85' lang='grc' dir='ltr'><em>προσκαλουμένωι</em></span> <span class='ocrx_word' id='word_1_133' title='bbox 1563 1713 1611 1777; x_wconf 87' lang='grc' dir='ltr'>Γ</span> <span class='ocrx_word' id='word_1_134' title='bbox 1660 1752 1734 1762; x_wconf 91' lang='grc'>-</span> <span class='ocrx_word' id='word_1_135' title='bbox 1783 1715 1912 1800; x_wconf 88' lang='grc' dir='ltr'><em>πρὸ</em></span> <span class='ocrx_word' id='word_1_136' title='bbox 1954 1726 2102 1795; x_wconf 82' lang='grc' dir='ltr'><em>μιᾶς</em></span> <span class='ocrx_word' id='word_1_137' title='bbox 2130 1716 2148 1801; x_wconf 89' lang='grc' dir='ltr'><em>ΙΙ</em></span> <span class='ocrx_word' id='word_1_138' title='bbox 2179 1745 2294 1783; x_wconf 91' lang='grc' dir='ltr'><em>πα-</em></span> 
     </span>
     <span class='ocr_line' id='line_1_18' title="bbox 347 1816 2297 1906; baseline 0 -23"><span class='ocrx_word' id='word_1_139' title='bbox 347 1827 656 1902; x_wconf 85' lang='grc' dir='ltr'><em>ρανομίας</em></span> <span class='ocrx_word' id='word_1_140' title='bbox 713 1816 794 1880; x_wconf 95' lang='grc' dir='ltr'><em>Ψ</em></span> <span class='ocrx_word' id='word_1_141' title='bbox 848 1855 929 1865; x_wconf 85' lang='grc'>-</span> <span class='ocrx_word' id='word_1_142' title='bbox 988 1829 1188 1886; x_wconf 85' lang='grc' dir='ltr'><em>τοῦτο</em></span> <span class='ocrx_word' id='word_1_143' title='bbox 1237 1816 1257 1903; x_wconf 78' lang='grc' dir='ltr'><em>Ι]</em></span> <span class='ocrx_word' id='word_1_144' title='bbox 1306 1840 1421 1882; x_wconf 89' lang='lat' dir='ltr'><em>om.</em></span> <span class='ocrx_word' id='word_1_145' title='bbox 1464 1822 1521 1882; x_wconf 92' lang='lat' dir='ltr'>U</span> <span class='ocrx_word' id='word_1_146' title='bbox 1582 1856 1656 1864; x_wconf 88' lang='lat'>-</span> <span class='ocrx_word' id='word_1_147' title='bbox 1715 1829 1810 1906; x_wconf 82' lang='grc' dir='ltr'><em>τῷ</em></span> <span class='ocrx_word' id='word_1_148' title='bbox 1867 1825 1932 1884; x_wconf 80' lang='grc' dir='ltr'><em>δὲ</em></span> <span class='ocrx_word' id='word_1_149' title='bbox 1974 1818 1994 1902; x_wconf 81' lang='grc' dir='ltr'><em>ΙΙ</em></span> <span class='ocrx_word' id='word_1_150' title='bbox 2039 1819 2076 1886; x_wconf 80' lang='lat' dir='ltr'><em>‘o</em></span> <span class='ocrx_word' id='word_1_151' title='bbox 2134 1826 2198 1886; x_wconf 84' lang='grc' dir='ltr'><em>δὲ</em></span> <span class='ocrx_word' id='word_1_152' title='bbox 2241 1825 2297 1883; x_wconf 92' lang='lat' dir='ltr'>U</span> 
     </span>
     <span class='ocr_line' id='line_1_19' title="bbox 346 1919 2296 2006; baseline 0.002 -20"><span class='ocrx_word' id='word_1_153' title='bbox 346 1958 426 1967; x_wconf 91' lang='lat'>-</span> <span class='ocrx_word' id='word_1_154' title='bbox 459 1920 718 1987; x_wconf 80' lang='grc' dir='ltr'><em>ἀνεῖπεν</em></span> <span class='ocrx_word' id='word_1_155' title='bbox 746 1919 766 2006; x_wconf 87' lang='grc' dir='ltr'><em>ΙΙ</em></span> <span class='ocrx_word' id='word_1_156' title='bbox 795 1921 1049 1988; x_wconf 78' lang='grc' dir='ltr'><em>ἅνείποι</em></span> <span class='ocrx_word' id='word_1_157' title='bbox 1078 1925 1132 1984; x_wconf 91' lang='lat' dir='ltr'>U</span> <span class='ocrx_word' id='word_1_158' title='bbox 1177 1958 1260 1968; x_wconf 90' lang='lat'>—</span> <span class='ocrx_word' id='word_1_159' title='bbox 1305 1919 1571 1988; x_wconf 82' lang='grc' dir='ltr'><em>ἔνδοθεν</em></span> <span class='ocrx_word' id='word_1_160' title='bbox 1599 1920 1620 2006; x_wconf 80' lang='grc' dir='ltr'><em>ΙΙ</em></span> <span class='ocrx_word' id='word_1_161' title='bbox 1653 1923 1853 1988; x_wconf 78' lang='grc' dir='ltr'><em>ἔνθον</em></span> <span class='ocrx_word' id='word_1_162' title='bbox 1899 1919 1977 1983; x_wconf 88' lang='grc' dir='ltr'>Ψ</span> <span class='ocrx_word' id='word_1_163' title='bbox 2021 1961 2102 1970; x_wconf 93' lang='grc'><strong>-</strong></span> <span class='ocrx_word' id='word_1_164' title='bbox 2147 1922 2296 1989; x_wconf 72' lang='grc' dir='ltr'><em>οὔτε</em></span> 
     </span>
     <span class='ocr_line' id='line_1_20' title="bbox 349 2020 2295 2110; baseline 0.001 -22"><span class='ocrx_word' id='word_1_165' title='bbox 349 2028 530 2107; x_wconf 81' lang='grc' dir='ltr'><em>στέγη</em></span> <span class='ocrx_word' id='word_1_166' title='bbox 573 2022 595 2107; x_wconf 70' lang='lat' dir='ltr'>fl</span> <span class='ocrx_word' id='word_1_167' title='bbox 638 2023 789 2091; x_wconf 76' lang='grc' dir='ltr'><em>οὔτε</em></span> <span class='ocrx_word' id='word_1_168' title='bbox 833 2045 947 2087; x_wconf 89' lang='lat' dir='ltr'><em>om.</em></span> <span class='ocrx_word' id='word_1_169' title='bbox 993 2021 1074 2085; x_wconf 95' lang='grc' dir='ltr'>Ψ</span> <span class='ocrx_word' id='word_1_170' title='bbox 1115 2023 1266 2090; x_wconf 79' lang='grc' dir='ltr'><em>οὔτε</em></span> <span class='ocrx_word' id='word_1_171' title='bbox 1316 2028 1501 2106; x_wconf 80' lang='grc' dir='ltr'><em>στέγη</em></span> <span class='ocrx_word' id='word_1_172' title='bbox 1545 2020 1652 2086; x_wconf 80' lang='lat' dir='ltr'><em>UP</em></span> <span class='ocrx_word' id='word_1_173' title='bbox 1714 2060 1791 2068; x_wconf 89' lang='lat'><em>—</em></span> <span class='ocrx_word' id='word_1_174' title='bbox 1849 2023 2233 2090; x_wconf 74' lang='grc' dir='ltr'><em>ἐλαύνεσθαι</em></span> <span class='ocrx_word' id='word_1_175' title='bbox 2276 2024 2295 2110; x_wconf 85' lang='grc' dir='ltr'><em>ΙΙ</em></span> 
     </span>
     <span class='ocr_line' id='line_1_21' title="bbox 350 2122 1791 2212; baseline -0.001 -23"><span class='ocrx_word' id='word_1_176' title='bbox 350 2123 709 2192; x_wconf 88' lang='grc' dir='ltr'><em>ἐλαύνοντα</em></span> <span class='ocrx_word' id='word_1_177' title='bbox 756 2122 834 2186; x_wconf 89' lang='grc' dir='ltr'>Ψ</span> <span class='ocrx_word' id='word_1_178' title='bbox 882 2162 958 2172; x_wconf 91' lang='grc'>-</span> <span class='ocrx_word' id='word_1_179' title='bbox 1006 2124 1096 2204; x_wconf 83' lang='grc' dir='ltr'><em>ὡς</em></span> <span class='ocrx_word' id='word_1_180' title='bbox 1141 2125 1336 2208; x_wconf 82' lang='grc' dir='ltr'><em>α’σεβῆ</em></span> <span class='ocrx_word' id='word_1_181' title='bbox 1378 2125 1398 2212; x_wconf 65' lang='lat' dir='ltr'>fl</span> <span class='ocrx_word' id='word_1_182' title='bbox 1441 2146 1555 2188; x_wconf 90' lang='lat' dir='ltr'><em>om.</em></span> <span class='ocrx_word' id='word_1_183' title='bbox 1603 2124 1692 2203; x_wconf 85' lang='grc' dir='ltr'><em>ὡς</em></span> <span class='ocrx_word' id='word_1_184' title='bbox 1736 2128 1791 2187; x_wconf 92' lang='lat' dir='ltr'><strong>U</strong></span> 
     </span>
    </p>
   </div>
   <div class='ocr_carea' id='block_1_7' title="bbox 347 2260 2304 3270">
    <p class='ocr_par' dir='ltr' id='par_1_8' title="bbox 347 2260 2304 3270">
     <span class='ocr_line' id='line_1_22' title="bbox 347 2260 2301 2347; baseline 0.001 -20"><span class='ocrx_word' id='word_1_185' title='bbox 347 2270 452 2327; x_wconf 83' lang='grc' dir='ltr'><em>καὶ</em></span> <span class='ocrx_word' id='word_1_186' title='bbox 482 2273 608 2344; x_wconf 80' lang='grc' dir='ltr'><em>γελ.</em></span> <span class='ocrx_word' id='word_1_187' title='bbox 644 2261 663 2346; x_wconf 87' lang='grc' dir='ltr'><em>ΙΙ</em></span> <span class='ocrx_word' id='word_1_188' title='bbox 693 2284 806 2326; x_wconf 91' lang='lat' dir='ltr'><em>om.</em></span> <span class='ocrx_word' id='word_1_189' title='bbox 838 2270 946 2328; x_wconf 84' lang='grc' dir='ltr'><em>καὶ</em></span> <span class='ocrx_word' id='word_1_190' title='bbox 978 2260 1056 2325; x_wconf 87' lang='grc' dir='ltr'><em>Ψ</em></span> <span class='ocrx_word' id='word_1_191' title='bbox 1097 2300 1179 2309; x_wconf 89' lang='grc'><em>--</em></span> <span class='ocrx_word' id='word_1_192' title='bbox 1224 2272 1453 2347; x_wconf 86' lang='grc' dir='ltr'><em>κυρίας</em></span> <span class='ocrx_word' id='word_1_193' title='bbox 1481 2262 1499 2345; x_wconf 74' lang='grc' dir='ltr'><em>ΙΙ</em></span> <span class='ocrx_word' id='word_1_194' title='bbox 1539 2284 1651 2326; x_wconf 90' lang='lat' dir='ltr'><em>om.</em></span> <span class='ocrx_word' id='word_1_195' title='bbox 1683 2260 1752 2324; x_wconf 89' lang='grc' dir='ltr'><strong>Ω</strong></span> <span class='ocrx_word' id='word_1_196' title='bbox 1802 2300 1874 2309; x_wconf 92' lang='grc'>-</span> <span class='ocrx_word' id='word_1_197' title='bbox 1923 2263 2012 2342; x_wconf 87' lang='grc' dir='ltr'><em>ὡς</em></span> <span class='ocrx_word' id='word_1_198' title='bbox 2056 2266 2252 2330; x_wconf 82' lang='grc' dir='ltr'><em>οἶσθα</em></span> <span class='ocrx_word' id='word_1_199' title='bbox 2282 2262 2301 2347; x_wconf 77' lang='grc' dir='ltr'><em>ΙΙ</em></span> 
     </span>
     <span class='ocr_line' id='line_1_23' title="bbox 349 2362 2297 2450; baseline 0.001 -23"><span class='ocrx_word' id='word_1_200' title='bbox 349 2386 460 2427; x_wconf 89' lang='lat' dir='ltr'><em>om.</em></span> <span class='ocrx_word' id='word_1_201' title='bbox 509 2363 599 2445; x_wconf 84' lang='grc' dir='ltr'><em>ὡς</em></span> <span class='ocrx_word' id='word_1_202' title='bbox 643 2362 724 2426; x_wconf 95' lang='grc' dir='ltr'>Ψ</span> <span class='ocrx_word' id='word_1_203' title='bbox 767 2402 848 2413; x_wconf 93' lang='lat'><em>-—</em></span> <span class='ocrx_word' id='word_1_204' title='bbox 894 2364 1302 2450; x_wconf 78' lang='grc' dir='ltr'><em>κεφαλαιώδη</em></span> <span class='ocrx_word' id='word_1_205' title='bbox 1331 2364 1351 2450; x_wconf 71' lang='lat' dir='ltr'>fl</span> <span class='ocrx_word' id='word_1_206' title='bbox 1379 2363 1844 2449; x_wconf 66' lang='grc' dir='ltr'><em>κεφαλὴ(ἷ&gt;)ώδη</em></span> <span class='ocrx_word' id='word_1_207' title='bbox 1875 2373 1982 2431; x_wconf 83' lang='grc' dir='ltr'><em>καὶ</em></span> <span class='ocrx_word' id='word_1_208' title='bbox 2016 2372 2205 2445; x_wconf 88' lang='grc' dir='ltr'><em>ποδες</em></span> <span class='ocrx_word' id='word_1_209' title='bbox 2221 2369 2297 2446; x_wconf 68' lang='grc' dir='ltr'><em>(Ρ)</em></span> 
     </span>
     <span class='ocr_line' id='line_1_24' title="bbox 351 2465 2291 2553; baseline 0.003 -24"><span class='ocrx_word' id='word_1_210' title='bbox 351 2465 427 2529; x_wconf 88' lang='grc' dir='ltr'>Ψ</span> <span class='ocrx_word' id='word_1_211' title='bbox 487 2505 564 2514; x_wconf 90' lang='grc'>-</span> <span class='ocrx_word' id='word_1_212' title='bbox 626 2477 895 2548; x_wconf 84' lang='grc' dir='ltr'><em>κομίσας</em></span> <span class='ocrx_word' id='word_1_213' title='bbox 955 2472 1018 2547; x_wconf 89' lang='grc' dir='ltr'><em>ἐς</em></span> <span class='ocrx_word' id='word_1_214' title='bbox 1076 2467 1197 2553; x_wconf 85' lang='grc' dir='ltr'><em>τὴν</em></span> <span class='ocrx_word' id='word_1_215' title='bbox 1251 2466 1498 2552; x_wconf 79' lang='grc' dir='ltr'><em>αγορὰν</em></span> <span class='ocrx_word' id='word_1_216' title='bbox 1542 2466 1562 2553; x_wconf 69' lang='lat' dir='ltr'><strong>fl</strong></span> <span class='ocrx_word' id='word_1_217' title='bbox 1604 2478 1989 2552; x_wconf 85' lang='grc' dir='ltr'><em>κομισθῆναι</em></span> <span class='ocrx_word' id='word_1_218' title='bbox 2035 2467 2197 2535; x_wconf 80' lang='grc' dir='ltr'><em>κατὰ</em></span> <span class='ocrx_word' id='word_1_219' title='bbox 2241 2496 2291 2534; x_wconf 91' lang='grc' dir='ltr'><em>τ.</em></span> 
     </span>
     <span class='ocr_line' id='line_1_25' title="bbox 353 2568 2298 2658; baseline 0 -22"><span class='ocrx_word' id='word_1_220' title='bbox 353 2570 443 2652; x_wconf 74' lang='grc' dir='ltr'><em>ἀγ.</em></span> <span class='ocrx_word' id='word_1_221' title='bbox 480 2568 561 2632; x_wconf 95' lang='grc' dir='ltr'>Ψ</span> <span class='ocrx_word' id='word_1_222' title='bbox 591 2608 671 2618; x_wconf 96' lang='grc'><strong>-</strong></span> <span class='ocrx_word' id='word_1_223' title='bbox 720 2574 987 2639; x_wconf 74' lang='grc' dir='ltr'><em>ἔκαυσεν</em></span> <span class='ocrx_word' id='word_1_224' title='bbox 1015 2571 1035 2658; x_wconf 82' lang='grc' dir='ltr'><em>ΙΙ</em></span> <span class='ocrx_word' id='word_1_225' title='bbox 1065 2575 1389 2637; x_wconf 83' lang='grc' dir='ltr'><em>ἐκέλευσεν</em></span> <span class='ocrx_word' id='word_1_226' title='bbox 1423 2568 1501 2632; x_wconf 87' lang='grc' dir='ltr'><em>Ψ</em></span> <span class='ocrx_word' id='word_1_227' title='bbox 1533 2608 1610 2616; x_wconf 92' lang='lat'><em>-</em></span> <span class='ocrx_word' id='word_1_228' title='bbox 1661 2570 1905 2638; x_wconf 86' lang='grc' dir='ltr'><em>σποδὸν</em></span> <span class='ocrx_word' id='word_1_229' title='bbox 1947 2570 1967 2655; x_wconf 73' lang='lat' dir='ltr'><strong>fl</strong></span> <span class='ocrx_word' id='word_1_230' title='bbox 2012 2570 2298 2638; x_wconf 88' lang='grc' dir='ltr'><em>σπονδὸν</em></span> 
     </span>
     <span class='ocr_line' id='line_1_26' title="bbox 353 2669 2298 2759; baseline 0.002 -25"><span class='ocrx_word' id='word_1_231' title='bbox 353 2670 429 2734; x_wconf 88' lang='grc' dir='ltr'>Ψ</span> <span class='ocrx_word' id='word_1_232' title='bbox 471 2711 557 2719; x_wconf 93' lang='lat'><em>—-</em></span> <span class='ocrx_word' id='word_1_233' title='bbox 601 2676 664 2752; x_wconf 88' lang='grc' dir='ltr'><em>ἐς</em></span> <span class='ocrx_word' id='word_1_234' title='bbox 708 2673 824 2756; x_wconf 81' lang='grc' dir='ltr'><em>τὴν</em></span> <span class='ocrx_word' id='word_1_235' title='bbox 868 2683 1015 2740; x_wconf 89' lang='grc' dir='ltr'><em>θαλ.</em></span> <span class='ocrx_word' id='word_1_236' title='bbox 1065 2671 1085 2757; x_wconf 86' lang='grc' dir='ltr'><em>ΙΙ</em></span> <span class='ocrx_word' id='word_1_237' title='bbox 1128 2676 1240 2736; x_wconf 86' lang='lat' dir='ltr'><em>om.</em></span> <span class='ocrx_word' id='word_1_238' title='bbox 1285 2673 1402 2756; x_wconf 86' lang='grc' dir='ltr'><em>τὴν</em></span> <span class='ocrx_word' id='word_1_239' title='bbox 1448 2669 1625 2736; x_wconf 60' lang='lat' dir='ltr'><em>QUI*</em></span> <span class='ocrx_word' id='word_1_240' title='bbox 1674 2709 1746 2718; x_wconf 90' lang='lat'><em>—-</em></span> <span class='ocrx_word' id='word_1_241' title='bbox 1800 2676 2096 2753; x_wconf 79' lang='grc' dir='ltr'><em>ἐξέβαλεν</em></span> <span class='ocrx_word' id='word_1_242' title='bbox 2125 2672 2145 2759; x_wconf 75' lang='grc' dir='ltr'><em>ΙΙ</em></span> <span class='ocrx_word' id='word_1_243' title='bbox 2175 2677 2298 2754; x_wconf 82' lang='grc' dir='ltr'><em>ἐξέ-</em></span> 
     </span>
     <span class='ocr_line' id='line_1_27' title="bbox 353 2772 2304 2860; baseline 0.001 -20"><span class='ocrx_word' id='word_1_244' title='bbox 353 2784 589 2854; x_wconf 85' lang='grc' dir='ltr'><em>βαλλεν</em></span> <span class='ocrx_word' id='word_1_245' title='bbox 633 2773 702 2837; x_wconf 88' lang='grc' dir='ltr'><strong>Ω</strong></span> <span class='ocrx_word' id='word_1_246' title='bbox 747 2811 831 2822; x_wconf 85' lang='grc'><strong>-</strong></span> <span class='ocrx_word' id='word_1_247' title='bbox 874 2780 1140 2855; x_wconf 87' lang='grc' dir='ltr'><em>κέλομαι</em></span> <span class='ocrx_word' id='word_1_248' title='bbox 1181 2775 1200 2860; x_wconf 86' lang='grc' dir='ltr'><em>ΙΙ</em></span> <span class='ocrx_word' id='word_1_249' title='bbox 1243 2780 1550 2854; x_wconf 89' lang='grc' dir='ltr'><em>κέλλομαι</em></span> <span class='ocrx_word' id='word_1_250' title='bbox 1599 2772 1677 2836; x_wconf 87' lang='grc' dir='ltr'>Ψ</span> <span class='ocrx_word' id='word_1_251' title='bbox 1737 2812 1819 2822; x_wconf 92' lang='lat'><em>——-</em></span> <span class='ocrx_word' id='word_1_252' title='bbox 1866 2776 2015 2843; x_wconf 73' lang='grc' dir='ltr'><em>οὐδὲ</em></span> <span class='ocrx_word' id='word_1_253' title='bbox 2061 2775 2242 2855; x_wconf 80' lang='grc' dir='ltr'><em>εἰδὼς</em></span> <span class='ocrx_word' id='word_1_254' title='bbox 2284 2775 2304 2860; x_wconf 78' lang='grc' dir='ltr'><em>ΙΙ</em></span> 
     </span>
     <span class='ocr_line' id='line_1_28' title="bbox 356 2874 2304 2962; baseline 0.001 -19"><span class='ocrx_word' id='word_1_255' title='bbox 356 2878 505 2944; x_wconf 79' lang='grc' dir='ltr'><em>οὐδ’</em></span> <span class='ocrx_word' id='word_1_256' title='bbox 550 2876 732 2956; x_wconf 84' lang='grc' dir='ltr'><em>εἰδὼς</em></span> <span class='ocrx_word' id='word_1_257' title='bbox 783 2874 827 2938; x_wconf 86' lang='grc' dir='ltr'>Γ</span> <span class='ocrx_word' id='word_1_258' title='bbox 873 2914 954 2923; x_wconf 85' lang='grc'><strong>-</strong></span> <span class='ocrx_word' id='word_1_259' title='bbox 1001 2876 1179 2944; x_wconf 78' lang='grc' dir='ltr'><em>ὅσων</em></span> <span class='ocrx_word' id='word_1_260' title='bbox 1221 2875 1241 2962; x_wconf 74' lang='lat' dir='ltr'><strong>fl</strong></span> <span class='ocrx_word' id='word_1_261' title='bbox 1284 2883 1445 2945; x_wconf 73' lang='grc' dir='ltr'><em>οἵων</em></span> <span class='ocrx_word' id='word_1_262' title='bbox 1494 2875 1569 2939; x_wconf 89' lang='grc' dir='ltr'>Ψ</span> <span class='ocrx_word' id='word_1_263' title='bbox 1611 2914 1693 2924; x_wconf 90' lang='lat'><em>—-</em></span> <span class='ocrx_word' id='word_1_264' title='bbox 1740 2878 2241 2961; x_wconf 77' lang='grc' dir='ltr'><em>ἐντυγχάνουσιν</em></span> <span class='ocrx_word' id='word_1_265' title='bbox 2285 2878 2304 2961; x_wconf 82' lang='grc' dir='ltr'><em>ΙΙ</em></span> 
     </span>
     <span class='ocr_line' id='line_1_29' title="bbox 356 2977 2302 3066; baseline 0.002 -23"><span class='ocrx_word' id='word_1_266' title='bbox 356 2983 729 3062; x_wconf 82' lang='grc' dir='ltr'><em>ἐντυχοῦσιν</em></span> <span class='ocrx_word' id='word_1_267' title='bbox 773 2977 949 3045; x_wconf 68' lang='lat' dir='ltr'><em>QUI*</em></span> <span class='ocrx_word' id='word_1_268' title='bbox 999 3017 1077 3026; x_wconf 87' lang='lat'>-</span> <span class='ocrx_word' id='word_1_269' title='bbox 1127 2989 1449 3065; x_wconf 89' lang='grc' dir='ltr'><em>καθαῖρον</em></span> <span class='ocrx_word' id='word_1_270' title='bbox 1491 2979 1510 3064; x_wconf 86' lang='grc' dir='ltr'><em>ΙΙ</em></span> <span class='ocrx_word' id='word_1_271' title='bbox 1556 2990 1894 3066; x_wconf 85' lang='grc' dir='ltr'><em>καθαίρων</em></span> <span class='ocrx_word' id='word_1_272' title='bbox 1940 2979 2019 3042; x_wconf 96' lang='grc' dir='ltr'><em>Ψ</em></span> <span class='ocrx_word' id='word_1_273' title='bbox 2072 3021 2155 3029; x_wconf 89' lang='grc'><strong>-</strong></span> <span class='ocrx_word' id='word_1_274' title='bbox 2213 2980 2302 3059; x_wconf 78' lang='grc' dir='ltr'><em>ὡς</em></span> 
     </span>
     <span class='ocr_line' id='line_1_30' title="bbox 356 3080 2302 3168; baseline 0.001 -22"><span class='ocrx_word' id='word_1_275' title='bbox 356 3081 615 3167; x_wconf 77' lang='grc' dir='ltr'><em>α’ληθῶς</em></span> <span class='ocrx_word' id='word_1_276' title='bbox 657 3081 675 3166; x_wconf 83' lang='grc' dir='ltr'><em>ΙΙ</em></span> <span class='ocrx_word' id='word_1_277' title='bbox 718 3104 832 3146; x_wconf 89' lang='lat' dir='ltr'><em>om.</em></span> <span class='ocrx_word' id='word_1_278' title='bbox 878 3082 968 3161; x_wconf 82' lang='grc' dir='ltr'><em>ὡς</em></span> <span class='ocrx_word' id='word_1_279' title='bbox 1014 3080 1091 3145; x_wconf 89' lang='grc' dir='ltr'>Ψ</span> <span class='ocrx_word' id='word_1_280' title='bbox 1135 3120 1216 3130; x_wconf 93' lang='grc'><strong>-</strong></span> <span class='ocrx_word' id='word_1_281' title='bbox 1262 3081 1392 3149; x_wconf 78' lang='grc' dir='ltr'><em>ὑπὸ</em></span> <span class='ocrx_word' id='word_1_282' title='bbox 1438 3090 1578 3168; x_wconf 83' lang='grc' dir='ltr'><em>δᾳδὶ</em></span> <span class='ocrx_word' id='word_1_283' title='bbox 1607 3081 1626 3167; x_wconf 85' lang='grc' dir='ltr'><em>ΙΙ</em></span> <span class='ocrx_word' id='word_1_284' title='bbox 1655 3082 1838 3149; x_wconf 74' lang='grc' dir='ltr'><em>ὕδατι</em></span> <span class='ocrx_word' id='word_1_285' title='bbox 1885 3081 1962 3146; x_wconf 88' lang='grc' dir='ltr'>Ψ</span> <span class='ocrx_word' id='word_1_286' title='bbox 2007 3083 2136 3150; x_wconf 73' lang='grc' dir='ltr'><em>ὑπὸ</em></span> <span class='ocrx_word' id='word_1_287' title='bbox 2180 3089 2302 3149; x_wconf 88' lang='grc' dir='ltr'><em>διδὶ</em></span> 
     </span>
     <span class='ocr_line' id='line_1_31' title="bbox 361 3181 1259 3270; baseline 0.004 -25"><span class='ocrx_word' id='word_1_288' title='bbox 361 3181 408 3245; x_wconf 89' lang='grc' dir='ltr'>Γ</span> <span class='ocrx_word' id='word_1_289' title='bbox 449 3221 533 3232; x_wconf 88' lang='lat'><em>—-</em></span> <span class='ocrx_word' id='word_1_290' title='bbox 579 3194 805 3268; x_wconf 79' lang='grc' dir='ltr'><em>σκίλλῃ</em></span> <span class='ocrx_word' id='word_1_291' title='bbox 851 3184 870 3270; x_wconf 87' lang='grc' dir='ltr'><em>ΙΙ</em></span> <span class='ocrx_word' id='word_1_292' title='bbox 914 3184 1158 3269; x_wconf 77' lang='grc' dir='ltr'><em>σκύλλη</em></span> <span class='ocrx_word' id='word_1_293' title='bbox 1203 3190 1259 3249; x_wconf 90' lang='lat' dir='ltr'>U</span> 
     </span>
    </p>
   </div>
   <div class='ocr_carea' id='block_1_8' title="bbox 213 3320 2304 3407">
    <p class='ocr_par' dir='ltr' id='par_1_9' title="bbox 213 3320 2304 3407">
     <span class='ocr_line' id='line_1_32' title="bbox 213 3320 2304 3407; baseline 0.003 -24"><span class='ocrx_word' id='word_1_294' title='bbox 213 3362 226 3377; x_wconf 87' lang='lat'><strong>·</strong></span> <span class='ocrx_word' id='word_1_295' title='bbox 319 3366 332 3382; x_wconf 90' lang='lat'><strong>.</strong></span> <span class='ocrx_word' id='word_1_296' title='bbox 361 3322 437 3388; x_wconf 83' lang='grc' dir='ltr'><em>ού</em></span> <span class='ocrx_word' id='word_1_297' title='bbox 476 3321 716 3407; x_wconf 83' lang='grc' dir='ltr'><em>μικρὰν</em></span> <span class='ocrx_word' id='word_1_298' title='bbox 745 3321 764 3406; x_wconf 84' lang='grc' dir='ltr'><em>[Ι</em></span> <span class='ocrx_word' id='word_1_299' title='bbox 794 3345 909 3387; x_wconf 87' lang='lat' dir='ltr'><em>om.</em></span> <span class='ocrx_word' id='word_1_300' title='bbox 955 3321 1036 3386; x_wconf 87' lang='grc' dir='ltr'><em>Ψ</em></span> <span class='ocrx_word' id='word_1_301' title='bbox 1079 3324 1161 3389; x_wconf 79' lang='grc' dir='ltr'><em>οὐ</em></span> <span class='ocrx_word' id='word_1_302' title='bbox 1187 3349 1356 3407; x_wconf 88' lang='grc' dir='ltr'><em>μικρ.</em></span> <span class='ocrx_word' id='word_1_303' title='bbox 1394 3326 1687 3403; x_wconf 81' lang='grc' dir='ltr'><em>ἐπίβασιν</em></span> <span class='ocrx_word' id='word_1_304' title='bbox 1733 3322 1858 3387; x_wconf 75' lang='grc' dir='ltr'><em>ΩΙ]</em></span> <span class='ocrx_word' id='word_1_305' title='bbox 1899 3359 1983 3369; x_wconf 92' lang='grc'>-</span> <span class='ocrx_word' id='word_1_306' title='bbox 2024 3320 2143 3388; x_wconf 86' lang='grc' dir='ltr'><em>τὸν</em></span> <span class='ocrx_word' id='word_1_307' title='bbox 2188 3334 2249 3389; x_wconf 90' lang='grc' dir='ltr'><em>Ρ.</em></span> <span class='ocrx_word' id='word_1_308' title='bbox 2284 3320 2304 3407; x_wconf 87' lang='grc' dir='ltr'><em>ΙΙ</em></span> 
     </span>
    </p>
   </div>
   <div class='ocr_carea' id='block_1_9' title="bbox 358 3417 2305 4126">
    <p class='ocr_par' dir='ltr' id='par_1_10' title="bbox 358 3417 2305 4126">
     <span class='ocr_line' id='line_1_33' title="bbox 359 3417 2301 3511; baseline -0.001 -22"><span class='ocrx_word' id='word_1_309' title='bbox 359 3434 460 3490; x_wconf 83' lang='grc' dir='ltr'><em>καὶ</em></span> <span class='ocrx_word' id='word_1_310' title='bbox 502 3424 623 3491; x_wconf 89' lang='grc' dir='ltr'><em>τὸν</em></span> <span class='ocrx_word' id='word_1_311' title='bbox 654 3425 1091 3493; x_wconf 80' lang='grc' dir='ltr'><em>Ῥουτιλιανὸν</em></span> <span class='ocrx_word' id='word_1_312' title='bbox 1134 3423 1312 3488; x_wconf 85' lang='grc' dir='ltr'><em>ΩΠΓ</em></span> <span class='ocrx_word' id='word_1_313' title='bbox 1355 3464 1439 3472; x_wconf 93' lang='grc'>-</span> <span class='ocrx_word' id='word_1_314' title='bbox 1491 3425 1785 3511; x_wconf 79' lang='grc' dir='ltr'><em>πάροδον</em></span> <span class='ocrx_word' id='word_1_315' title='bbox 1827 3425 1847 3510; x_wconf 78' lang='grc' dir='ltr'><em>[Ι</em></span> <span class='ocrx_word' id='word_1_316' title='bbox 1889 3417 2003 3490; x_wconf 77' lang='lat' dir='ltr'><em>om.</em></span> <span class='ocrx_word' id='word_1_317' title='bbox 2049 3423 2174 3488; x_wconf 76' lang='grc' dir='ltr'><em>ΩΙ]</em></span> <span class='ocrx_word' id='word_1_318' title='bbox 2219 3461 2301 3473; x_wconf 95' lang='lat'><em>—-</em></span> 
     </span>
     <span class='ocr_line' id='line_1_34' title="bbox 360 3525 2304 3614; baseline 0.001 -22"><span class='ocrx_word' id='word_1_319' title='bbox 360 3535 579 3612; x_wconf 89' lang='grc' dir='ltr'><em>παροδ.</em></span> <span class='ocrx_word' id='word_1_320' title='bbox 632 3535 799 3595; x_wconf 90' lang='grc' dir='ltr'><em>διαπ.</em></span> <span class='ocrx_word' id='word_1_321' title='bbox 846 3527 867 3613; x_wconf 67' lang='lat' dir='ltr'>ss</span> <span class='ocrx_word' id='word_1_322' title='bbox 915 3533 1207 3606; x_wconf 87' lang='grc' dir='ltr'><em>διαπέμπ.</em></span> <span class='ocrx_word' id='word_1_323' title='bbox 1270 3527 1564 3613; x_wconf 83' lang='grc' dir='ltr'><em>πάροδον</em></span> <span class='ocrx_word' id='word_1_324' title='bbox 1611 3527 1660 3591; x_wconf 84' lang='grc' dir='ltr'>Γ</span> <span class='ocrx_word' id='word_1_325' title='bbox 1721 3567 1799 3577; x_wconf 90' lang='grc'><em>--</em></span> <span class='ocrx_word' id='word_1_326' title='bbox 1858 3528 1963 3595; x_wconf 79' lang='grc' dir='ltr'><em>ὅτε</em></span> <span class='ocrx_word' id='word_1_327' title='bbox 2006 3529 2159 3607; x_wconf 86' lang='grc' dir='ltr'><em>θεὸς</em></span> <span class='ocrx_word' id='word_1_328' title='bbox 2202 3525 2221 3614; x_wconf 85' lang='grc' dir='ltr'><em>ΙΙ</em></span> <span class='ocrx_word' id='word_1_329' title='bbox 2266 3526 2304 3593; x_wconf 75' lang='grc' dir='ltr'><strong><em>ὃ</em></strong></span> 
     </span>
     <span class='ocr_line' id='line_1_35' title="bbox 358 3627 2305 3717; baseline 0.001 -23"><span class='ocrx_word' id='word_1_330' title='bbox 358 3628 502 3710; x_wconf 89' lang='grc' dir='ltr'><em>θεὸς</em></span> <span class='ocrx_word' id='word_1_331' title='bbox 532 3628 610 3692; x_wconf 90' lang='grc' dir='ltr'>Ψ</span> <span class='ocrx_word' id='word_1_332' title='bbox 663 3667 733 3676; x_wconf 89' lang='grc'>-</span> <span class='ocrx_word' id='word_1_333' title='bbox 782 3629 1102 3710; x_wconf 75' lang='grc' dir='ltr'><em>Κουάδοις</em></span> <span class='ocrx_word' id='word_1_334' title='bbox 1130 3629 1149 3715; x_wconf 79' lang='grc' dir='ltr'><em>ΙΙ</em></span> <span class='ocrx_word' id='word_1_335' title='bbox 1180 3629 1455 3710; x_wconf 80' lang='grc' dir='ltr'><em>Κοάδοις</em></span> <span class='ocrx_word' id='word_1_336' title='bbox 1490 3636 1546 3695; x_wconf 90' lang='lat' dir='ltr'>U</span> <span class='ocrx_word' id='word_1_337' title='bbox 1597 3669 1671 3679; x_wconf 88' lang='lat'>-</span> <span class='ocrx_word' id='word_1_338' title='bbox 1718 3633 2098 3717; x_wconf 85' lang='grc' dir='ltr'><em>ὀρετρεφέας</em></span> <span class='ocrx_word' id='word_1_339' title='bbox 2126 3627 2146 3714; x_wconf 80' lang='grc' dir='ltr'><em>ΙΙ</em></span> <span class='ocrx_word' id='word_1_340' title='bbox 2173 3631 2305 3714; x_wconf 83' lang='grc' dir='ltr'><em>ὀρι-</em></span> 
     </span>
     <span class='ocr_line' id='line_1_36' title="bbox 359 3730 2305 3818; baseline 0.002 -22"><span class='ocrx_word' id='word_1_341' title='bbox 359 3737 620 3816; x_wconf 83' lang='grc' dir='ltr'><em>τρεφέας</em></span> <span class='ocrx_word' id='word_1_342' title='bbox 676 3730 746 3796; x_wconf 92' lang='grc' dir='ltr'><strong>Ω</strong></span> <span class='ocrx_word' id='word_1_343' title='bbox 800 3770 884 3780; x_wconf 92' lang='lat'>—</span> <span class='ocrx_word' id='word_1_344' title='bbox 941 3733 1155 3818; x_wconf 82' lang='grc' dir='ltr'><em>εἰρήνη</em></span> <span class='ocrx_word' id='word_1_345' title='bbox 1211 3731 1231 3818; x_wconf 73' lang='lat' dir='ltr'><strong>fl</strong></span> <span class='ocrx_word' id='word_1_346' title='bbox 1285 3732 1501 3818; x_wconf 78' lang='grc' dir='ltr'><em>εἰρήνῃ</em></span> <span class='ocrx_word' id='word_1_347' title='bbox 1546 3735 1616 3799; x_wconf 81' lang='grc' dir='ltr'><em>τ’</em></span> <span class='ocrx_word' id='word_1_348' title='bbox 1661 3733 1741 3797; x_wconf 86' lang='grc' dir='ltr'><em>Ψ</em></span> <span class='ocrx_word' id='word_1_349' title='bbox 1794 3772 1877 3782; x_wconf 90' lang='grc'><strong>-</strong></span> <span class='ocrx_word' id='word_1_350' title='bbox 1934 3738 2305 3817; x_wconf 83' lang='grc' dir='ltr'><em>διανηξαμέ-</em></span> 
     </span>
     <span class='ocr_line' id='line_1_37' title="bbox 361 3832 2299 3922; baseline -0.001 -23"><span class='ocrx_word' id='word_1_351' title='bbox 361 3860 512 3915; x_wconf 90' lang='grc' dir='ltr'><em>νους</em></span> <span class='ocrx_word' id='word_1_352' title='bbox 554 3832 574 3919; x_wconf 87' lang='grc' dir='ltr'><em>ΙΙ</em></span> <span class='ocrx_word' id='word_1_353' title='bbox 619 3839 1092 3919; x_wconf 83' lang='grc' dir='ltr'><em>ἐκνηξαμένους</em></span> <span class='ocrx_word' id='word_1_354' title='bbox 1136 3832 1313 3898; x_wconf 56' lang='lat' dir='ltr'><em>QUI*</em></span> <span class='ocrx_word' id='word_1_355' title='bbox 1357 3873 1442 3883; x_wconf 92' lang='lat'>—</span> <span class='ocrx_word' id='word_1_356' title='bbox 1480 3839 1727 3918; x_wconf 82' lang='grc' dir='ltr'><em>ἐγένετο</em></span> <span class='ocrx_word' id='word_1_357' title='bbox 1773 3837 1793 3922; x_wconf 80' lang='grc' dir='ltr'><em>ΙΙ</em></span> <span class='ocrx_word' id='word_1_358' title='bbox 1837 3841 2077 3918; x_wconf 82' lang='grc' dir='ltr'><em>ἐγίνετο</em></span> <span class='ocrx_word' id='word_1_359' title='bbox 2121 3839 2176 3898; x_wconf 92' lang='lat' dir='ltr'>U</span> <span class='ocrx_word' id='word_1_360' title='bbox 2224 3872 2299 3880; x_wconf 94' lang='lat'>—</span> 
     </span>
     <span class='ocr_line' id='line_1_38' title="bbox 362 3936 2304 4023; baseline 0.001 -21"><span class='ocrx_word' id='word_1_361' title='bbox 362 3936 625 4022; x_wconf 73' lang='grc' dir='ltr'><em>ἀθρόων</em></span> <span class='ocrx_word' id='word_1_362' title='bbox 665 3936 686 4023; x_wconf 74' lang='lat' dir='ltr'>fl</span> <span class='ocrx_word' id='word_1_363' title='bbox 726 3936 980 4023; x_wconf 82' lang='grc' dir='ltr'><em>α’θρόον</em></span> <span class='ocrx_word' id='word_1_364' title='bbox 1023 3937 1111 4021; x_wconf 82' lang='grc' dir='ltr'><em>Ω,</em></span> <span class='ocrx_word' id='word_1_365' title='bbox 1165 3959 1279 4001; x_wconf 89' lang='lat' dir='ltr'><em>om.</em></span> <span class='ocrx_word' id='word_1_366' title='bbox 1319 3936 1397 4001; x_wconf 89' lang='grc' dir='ltr'><em>Ψ</em></span> <span class='ocrx_word' id='word_1_367' title='bbox 1443 3976 1526 3986; x_wconf 92' lang='lat'><em>——</em></span> <span class='ocrx_word' id='word_1_368' title='bbox 1573 3940 2000 4019; x_wconf 81' lang='grc' dir='ltr'><em>α’πολομένων</em></span> <span class='ocrx_word' id='word_1_369' title='bbox 2040 3936 2060 4021; x_wconf 92' lang='grc' dir='ltr'><em>ΙΙ</em></span> <span class='ocrx_word' id='word_1_370' title='bbox 2104 3937 2304 4004; x_wconf 87' lang='grc' dir='ltr'><em>α’πολ-</em></span> 
     </span>
     <span class='ocr_line' id='line_1_39' title="bbox 363 4036 2303 4126; baseline -0.001 -22"><span class='ocrx_word' id='word_1_371' title='bbox 363 4046 657 4119; x_wconf 85' lang='grc' dir='ltr'><em>λυμένων</em></span> <span class='ocrx_word' id='word_1_372' title='bbox 707 4038 782 4102; x_wconf 83' lang='grc' dir='ltr'><em>Ψ</em></span> <span class='ocrx_word' id='word_1_373' title='bbox 830 4077 902 4086; x_wconf 91' lang='grc'>-</span> <span class='ocrx_word' id='word_1_374' title='bbox 962 4040 1450 4125; x_wconf 82' lang='grc' dir='ltr'><em>ἐπηκολούθησε</em></span> <span class='ocrx_word' id='word_1_375' title='bbox 1490 4039 1510 4125; x_wconf 85' lang='grc' dir='ltr'><em>ΙΙ</em></span> <span class='ocrx_word' id='word_1_376' title='bbox 1551 4041 1956 4126; x_wconf 84' lang='grc' dir='ltr'><em>ἠκολούθησε</em></span> <span class='ocrx_word' id='word_1_377' title='bbox 1999 4036 2175 4103; x_wconf 82' lang='grc' dir='ltr'><em>ΩΠΓ</em></span> <span class='ocrx_word' id='word_1_378' title='bbox 2222 4076 2303 4086; x_wconf 89' lang='grc'><em>--</em></span> 
     </span>
    </p>
   </div>
  </div>
 </body>
</html>
