2800 4500
980 268 1468 324 ΤΥΡΑΝΝΘΚῙὉΝ
1472 268 1571 322 ΟΣ.
2276 266 2356 326 75

203 452 338 521 ρεῑ,·
394 445 532 505 τίνι
574 463 658 520 με
703 438 1026 526 φυλάττει
1073 437 1187 506 διὰ
1241 442 1395 519 σοῦ,
1454 443 1712 518 τέκνον,
1774 443 2357 526 προανῃρημένον,·

199 531 239 620 ἢ
277 540 369 626 μή
415 568 485 607 τι
530 536 621 618 ὥς
663 545 971 627 γέροντος
1014 538 1458 629 ὑπερφρονεῖ,
1506 543 1615 609 καὶ
1659 544 1744 628 τῇ
1783 541 2183 630 βραδυτῆτι,
2241 566 2354 607 κο-

199 643 418 724 λάζειν
466 643 647 724 δέον,
693 647 804 710 καὶ
849 651 1245 764 παρατείνει
1288 670 1408 726 μοι
1452 643 1571 711 τὸν
1618 643 1830 732 φόνον
1873 645 1985 709 καὶ
2030 648 2352 729 μακροτέ-

192 772 314 828 ραν
363 771 482 829 μοι
517 744 636 834 τὴν
668 744 930 835 σφαγὴν
958 760 1183 829 ποιεῑ,·
1186 750 1225 780 “
1270 752 1372 813 21.
1407 749 1518 813 καὶ
1548 750 1761 812 ταῦτα
1793 747 1998 830 λέγων
2030 744 2241 830 ἐζήτει
2271 743 2347 813 τὸ
2383 754 2454 808 21

196 847 426 934 ξίφος·
474 841 674 925 αὐτὸς
701 847 828 934 γὰρ
859 834 1229 926 ανοπλος
1186 874 1267 936 ην
1298 846 1414 914 διὰ
1445 847 1520 915 τὸ
1556 847 1784 914 πάντα
1814 850 1911 933 τῷ
1941 847 2143 914 παιδὶ
2173 852 2353 931 θαρ-

196 964 354 1034 ρεῑα.
448 943 599 1016 ἀλλ’
652 943 805 1017 οῦδὲ
849 954 1047 1017 τοῦτο
1095 949 1429 1039 ἐνεδέησε,
1490 949 1708 1017 πάλαι
1762 950 1835 1016 δὲ
1877 935 1957 1036 ἦν
2012 943 2137 1016 ὑπ’
2189 948 2352 1032 ἐμοῦ

196 1055 305 1119 καὶ
349 1056 550 1118 τοῦτο
595 1058 1360 1139 προπαρεσκευασμένον
1404 1056 1517 1119 καὶ
1562 1051 1737 1141 πρὸς
1781 1051 1855 1119 τὸ
1909 1053 2153 1136 μέλλον
2195 1052 2351 1118 τόλ-

196 1180 383 1243 μημα
426 1155 1044 1238 καταλελειμμένον.
1136 1149 1555 1233 ἀποσπάσας
1609 1153 1691 1244 δὴ
1748 1158 1866 1242 τῆς
1923 1158 2186 1242 σφαγῆς
2238 1156 2353 1221 καὶ

196 1260 311 1323 τοῦ
342 1256 725 1346 τραύματος
755 1255 995 1335 ἐξελών
1037 1254 1114 1323 τὸ
1152 1256 1350 1346 ξίφος
1382 1262 1578 1345 φησί,
1624 1255 1817 1342 ,,Πρὸ
1849 1260 2089 1342 μικροῦ
2117 1281 2237 1340 μεν
2267 1281 2351 1339 με

196 1352 626 1440 απέκτεινας,
673 1362 786 1426 νῦν
832 1359 905 1425 δὲ
950 1352 1381 1440 ἀνάπαυσον,
1444 1359 1674 1447 ξίφος,
1722 1361 1932 1444 πατρὶ
1979 1362 2349 1426 πενθοῦντι

195 1461 636 1546 παραμύθιον
681 1459 842 1529 ἐλθὲ
884 1464 995 1529 καὶ
1041 1465 1451 1548 πρεσβυτικῇ
1490 1463 1665 1547 χειρὶ
1709 1460 2114 1549 δυστυχούσῃ
2149 1484 2350 1529 συνα-

196 1565 506 1649 γώνισαι,
589 1558 995 1652 ἀπόσφαξον
1018 1616 1037 1645 ,
1115 1564 1722 1651 τυραννοκτόνησον
1797 1567 1913 1631 καὶ
1987 1567 2106 1630 τοῦ
2185 1589 2348 1630 πεν-

196 1672 348 1732 θεῖν
378 1660 791 1744 ἀπάλλαξον.
852 1666 1005 1733 ειθε
1036 1665 1306 1753 πρωτός
1336 1688 1443 1732 σοι
1475 1664 1793 1748 ἐνέτυχον,
1827 1666 1982 1732 εἴθε
2009 1664 2129 1754 τὴν
2158 1664 2348 1744 τάξιν

118 1765 581 1855 ιὸθπροῦλαβον
623 1772 743 1835 τοῦ
790 1769 1023 1896 φόνου.
1110 1762 1474 1835 ἀπέθανον
1520 1764 1631 1849 ἄν,
1679 1761 1831 1834 ἀλλ’
1881 1753 1923 1854 ἦ
1969 1763 2063 1847 ὦς
2105 1768 2347 1853 τύραν-

200 1897 306 1949 νος
360 1872 600 1955 μόνον,
660 1864 814 1937 ἀλλ’
880 1870 981 1938 ε’τι
1034 1871 1321 1955 νομίζων
1380 1870 1553 1950 ἕξειν
1609 1870 1895 1938 ε’κδικον·
1951 1874 2064 1938 νῦν
2123 1871 2195 1939 δὲ
2253 1869 2348 1948 ὥς

188 1999 481 2054 armos,
515 1978 629 2040 νῦν
660 1974 732 2040 δὲ
760 1969 852 2052 ὥς
884 1967 1037 2041 οῦδὲ
1068 1978 1331 2061 φονέως
1362 1967 1733 2059 εὗπορῶν.“
1819 1976 1933 2041 καὶ
1961 1967 2236 2040 ταῦτα
2205 1968 2345 2058 άμα

200 2078 398 2162 λέγων
456 2076 662 2165 ἐπῆγε
717 2076 837 2166 τὴν
896 2076 1159 2164 σφαγὴν
1224 2081 1517 2162 τρέμων,
1585 2069 1661 2142 ού
1732 2075 2121 2159 δυνάμενος,
2191 2076 2343 2143 ἐπι-

198 2182 428 2264 θυμῶν
471 2184 612 2263 μέν,
665 2172 978 2246 ἀσθενῶν
1023 2179 1094 2245 δὲ
1138 2177 1314 2265 πρὸς
1357 2177 1475 2268 τὴν
1519 2174 1890 2267 ὑπηρεσίαν
1935 2181 2054 2244 τοῦ
2095 2178 2342 2268 τολμή-

200 2307 419 2363 ματος.
508 2282 877 2350 22.,πόσαι
919 2281 1229 2359 κολάσεις
1271 2285 1522 2364 ταῦτα,·
1565 2280 1753 2348 πόσα
1781 2280 2130 2366 τραύματα
2145 2311 2165 2362 ,·
2209 2281 2339 2347 πό·
2370 2292 2446 2347 22

201 2407 303 2451 σοι
345 2383 677 2467 θάνατοις
733 2377 949 2452 πόσαι
988 2390 1571 2471 τυραννοκτονίαι;
1631 2382 1846 2449 πόσαι
1892 2382 2175 2467 δωρεαί,·
2229 2387 2341 2450 καὶ

200 2488 380 2564 τέλος
448 2485 790 2572 ἑωράκατε
860 2486 1111 2564 πάντες
1178 2484 1299 2553 τὸν
1362 2485 1486 2569 μὲν
1551 2491 1818 2553 νεανίαν
1886 2490 2339 2572 προκείμενον,

204 2581 272 2653 οὗ
334 2586 570 2673 μικρὸν
636 2581 782 2654 οὐδ’
850 2581 1422 2673 εὐκαταγώνιστον
1486 2585 1708 2675 ἔργον,
1775 2585 1893 2654 τὸν
1960 2587 2341 2676 πρεσβύτην

200 2689 269 2755 δὲ
311 2683 490 2776 αύτῷ
534 2694 1046 2777 περικεχυμένον
1089 2690 1202 2756 καὶ
1244 2687 1320 2756 τὸ
1371 2688 1540 2773 αἷμα
1586 2682 1842 2778 άμφοῑν
1896 2683 2341 2777 ἆνακεκραμέ-

204 2818 335 2873 νον,
389 2790 510 2879 τὴν
563 2791 949 2878 ἐλευθέριον
1006 2791 1256 2880 ἐκείνην
1311 2795 1423 2859 καὶ
1487 2790 1816 2860 ἐπινίκιον
1872 2792 2173 2882 σπονδὴν
2227 2799 2341 2864 καὶ

204 2890 280 2957 τὰ
321 2893 475 2982 ἔργα
518 2897 640 2960 τοῦ
682 2892 925 2982 ξίφους
965 2897 1086 2959 τοῦ
1130 2891 1312 2977 ἐμοῦ,
1362 2887 1521 2960 αὐτὸ
1575 2893 1647 2960 δὲ
1689 2893 1766 2961 τὸ
1817 2893 2013 2981 ξίφος
2055 2893 2124 2961 ἐν
2152 2900 2338 2984 μέσῳ

204 2986 590 3082 ἆμφοτέρων
655 2994 1224 3079 ἐπιδεικνύμενον,
1301 2992 1393 3074 ὥς
1460 2989 1577 3062 οῦκ
1650 2989 1923 3074 ἀνάξιον
1996 3002 2340 3085 γεγένηται

205 3100 308 3162 τοῦ
350 3099 716 3179 δεσπότου,
775 3102 887 3166 καὶ
929 3097 1472 3184 μαρτυρούμενον
1522 3091 1633 3165 ὅτι
1692 3124 1813 3182 μοι
1870 3103 2134 3176 πιστῶς
2191 3101 2338 3188 διη-

204 3199 530 3290 κονήσατο.
637 3204 837 3268 τοῦτο
910 3195 1035 3267 ὑπ’
1117 3199 1280 3285 ἐμοῦ
1351 3201 1703 3286 γενόμενον
1767 3201 2158 3286 μικρότερον
2221 3188 2335 3287 ἦν·

208 3304 304 3368 νῦν
342 3302 414 3369 δὲ
463 3301 934 3389 λαμπρότερόν
979 3300 1124 3370 ἐστι
1166 3305 1252 3391 τῇ
1294 3301 1659 3390 καινότητι.
1746 3306 1860 3370 καὶ
1903 3299 1939 3369 6
1976 3303 2098 3386 μὲν
2126 3309 2339 3371 καθε-

212 3400 321 3469 λὼν
373 3402 491 3492 τὴν
548 3404 909 3489 τυραννίδα
964 3408 1195 3471 πᾶσαν
1254 3403 1393 3487 εἰμὶ
1451 3398 1616 3490 ἐγώ·
1682 3409 2082 3491 μεμέρισται
2142 3405 2214 3472 δὲ
2270 3404 2339 3485 ἐς

212 3504 477 3584 πολλοὺς
519 3505 595 3574 τὸ
645 3505 836 3593 ἔργον
879 3499 1112 3593 ὥσπερ
1158 3505 1227 3573 ἐν
1272 3505 1598 3594 δράματι·
1643 3508 1757 3573 καὶ
1799 3505 1885 3571 τὰ
1929 3508 2051 3590 μὲν
2096 3512 2336 3593 πρῶτα

212 3603 316 3690 ἐγώ
356 3605 841 3697 ὑπεκρινάμην,
894 3608 980 3675 τὰ
1027 3609 1302 3695 δεύτερα
1348 3609 1421 3675 δὲ
1465 3605 1502 3676 6
1550 3622 1748 3691 παῖς,
1807 3608 1892 3675 τὰ
1938 3610 2012 3677 δὲ
2054 3617 2250 3698 τρίτα
2294 3608 2330 3680 6

210 3708 496 3794 τύραννος
542 3705 760 3793 αὐτός,
804 3709 882 3778 τὸ
933 3712 1128 3800 ξίφος
1172 3712 1245 3779 δὲ
1291 3714 1504 3778 πᾶσιν
1548 3706 1982 3799 ὑπηρέτησεν.
