2800 4500
887 246 1330 300 ΔΗΜΩΝΑΚΤΟΣ
1362 246 1528 299 ΒΙΟΣ.
2164 244 2283 302 173

159 414 417 482 ἕκαστον
449 414 878 502 ἐπιγίγνεται.
923 406 965 501 ἢ
996 415 1263 494 ἐθέλεις
1291 417 1514 487 ἵππου
1543 418 1664 501 μὲν
1706 416 1988 494 θέοντος
2028 418 2141 482 καὶ
2171 409 2286 500 ὄρ-

158 523 358 584 νίθων
399 521 517 584 καὶ
563 512 820 604 ἀνδρῶν
862 514 1254 604 κινεομένων
1308 521 1548 598 λίθους
1592 513 2132 586 ἀνασαλεύεσθαι
2173 521 2283 585 καὶ

75 620 401 706 Βτὸκάρφεα
448 621 816 689 δονέεσθαι
854 618 989 689 ὑπὸ
1036 625 1170 690 τῶν
1215 616 1483 705 ἀνέμων
1527 625 1645 689 τοῦ
1690 621 1974 706 δρόμου,
2031 617 2164 688 ὕπὸ
2214 621 2287 687 δὲ

157 727 230 810 τῇ
271 723 413 810 δίνῃ
459 728 599 789 τῶν
645 717 940 810 ἀστέρων
982 725 1188 813 μηδὲν
1226 720 1396 791 ἀλλο
1453 729 1842 811 γίγνεσθαι,·
1897 726 2009 791 καὶ
2056 723 2125 791 ἐκ
2166 725 2288 809 μὲν

158 817 373 911 ὀλίγου
418 823 640 913 πυρὸς
684 820 1017 915 ἀπορροίη
1066 825 1132 905 ἐς
1172 822 1384 916 ἡμέας
1429 826 1706 913 ἔρχεται,
1751 829 1859 894 καὶ
1905 824 1981 892 τὸ
2028 829 2162 912 πῦρ
2209 819 2285 891 οὗ

158 921 240 993 δι’
285 925 500 1017 ἡμέας
544 934 724 996 καίει
764 955 834 996 τι
877 923 1031 995 οὗδέ
1075 930 1142 996 οἱ
1200 929 1386 1013 μέλει
1432 932 1552 995 τοῦ
1591 927 1914 1017 ἡμετέρου
1957 927 2286 1010 θάλπεος,

161 1024 445 1115 ἀστέρων
475 1030 553 1096 δὲ
585 1023 897 1118 οὐδεμίην
942 1024 1316 1119 ἀπορροίην
1362 1030 1736 1116 δεχόμεθας
1777 1032 1884 1097 καὶ
1930 1030 2166 1115 μέντοι
2207 1034 2290 1118 τῇ

158 1126 546 1221 ἀστρολογίῃ
600 1131 689 1200 τὰ
736 1134 858 1218 μὲν
902 1136 1130 1222 φαῦλα
1174 1131 1393 1200 ἐσθλὰ
1441 1137 1726 1219 ποιῆσαι
1772 1126 2065 1200 ἀδύνατά
2110 1131 2290 1201 ἐστιν

159 1228 297 1301 οὐδὲ
328 1229 623 1313 ἀλλάξαι
650 1262 719 1302 τι
747 1240 884 1302 τῶν
929 1229 1404 1324 ἀπορρεόντων
1447 1237 1873 1324 πρηγμάτων,
1921 1230 2091 1301 ἀλλὰ
2136 1234 2292 1314 τοὺς

151 1332 535 1423 χρεομένους
584 1337 752 1405 τάδε
809 1332 1119 1426 ὠφελέει,
1177 1336 1261 1405 τὰ
1307 1339 1430 1422 μὲν
1474 1337 1693 1406 ἐσθλὰ
1738 1338 2003 1417 εἰδότας
2049 1331 2292 1416 ἀπιξό-

156 1464 307 1522 μενα
363 1439 629 1507 πολλὸν
661 1427 1140 1527 ’ἀπόπροσθεν
1200 1435 1583 1530 εὖφρανέει,
1638 1439 1723 1507 τὰ
1781 1441 1853 1507 δὲ
1912 1442 2138 1529 φαῦλα
2183 1434 2291 1507 εὖ·

155 1541 403 1629 μαρέως
462 1542 803 1627 δέχονταν
860 1536 940 1609 ού
990 1537 1116 1630 γάρ
1176 1566 1417 1630 σφισιν
1475 1537 1861 1629 ἀγνοέουσιν
1918 1541 2290 1629 ἐπέρχεται,

156 1637 295 1709 ἀλλ’
348 1644 418 1711 ἐν
464 1645 706 1733 μελέτῃ
752 1648 861 1713 καὶ
909 1645 1281 1733 προσδοκίῃ
1327 1646 1556 1734 ῥηίδια
1599 1648 1712 1712 καὶ
1758 1644 1980 1734 πρηέα
2008 1640 2292 1733 ἡγέεται.

155 1748 302 1816 τάδε
346 1743 792 1837 ἀστρολογίης
837 1748 994 1835 πέρι
1041 1747 1206 1834 ἐγών
1244 1744 1737 1833 ὑπολαμβάνω.

77 2114 157 2171 3Ἷ4,
677 2102 1454 2186 ΔΗΜῼΝΑΚΤΟΣ
1497 2103 1774 2187 ΒΙΟΣ·

318 2256 710 2343 1.’Έμελλεν
742 2253 876 2343 ἄρα
902 2254 1134 2347 μηδὲὸ
1182 2252 1347 2324 καθ’
1398 2254 1578 2346 ἡμᾶς
1619 2264 1768 2343 βίος
1810 2256 1885 2326 τὸ
1933 2256 2296 2324 παντάπα-
2331 2273 2365 2325 1

158 2385 256 2429 σιν
307 2357 603 2448 ἄμοιρος
661 2362 950 2428 ἔσεσθαι
1006 2355 1264 2448 ἀνδρῶν
1332 2360 1529 2448 λόγου
1584 2363 1695 2427 καὶ
1751 2361 2012 2451 μνήμης
2073 2354 2296 2439 ἀξίων,

160 2456 316 2530 ἀλλὰ
375 2467 492 2531 καὶ
553 2462 867 2548 σώματος
923 2457 1163 2552 ἀρετὴν
1221 2458 1540 2550 ὑπερφυᾶ
1594 2465 1705 2529 καὶ
1764 2462 2029 2551 γνώμην
2086 2458 2301 2549 ἀκρως

159 2564 537 2654 φιλόσοφον
595 2563 934 2652 ἐκφανεῖν·
994 2567 1163 2651 λέγω
1224 2565 1295 2631 δὲ
1355 2564 1423 2642 ἐς
1475 2589 1550 2630 τε
1606 2563 1724 2631 τὸν
1779 2563 2112 2632 Βοιώτιον
2156 2565 2301 2629 Σώ-

161 2690 434 2753 στρατον
484 2660 869 2756 ἀναφέρων,
928 2666 1006 2734 ὃν
1042 2663 1367 2754 Ἡρακλέα
1425 2668 1491 2733 οἱ
1518 2659 1824 2757 Ἕλληνες
1875 2666 2147 2734 ἐκάλουν
2189 2669 2300 2734 καὶ

160 2764 360 2854 ᾤοντο
410 2766 608 2851 εἶναι,
653 2771 766 2835 καὶ
812 2769 1108 2853 μάλιστα
1154 2767 1222 2847 ἐς
1267 2771 1689 2858 Δημώνακτα
1738 2768 1855 2836 τὸν
1902 2768 2302 2858 φιλόσοφον,

160 2870 266 2949 οὓς
307 2876 426 2939 καὶ
472 2868 655 2939 εἶδον
706 2865 907 2949 αὐτὸς
948 2873 1060 2938 καὶ
1106 2869 1270 2938 ἰδών
1318 2870 1715 2956 ἐθαύμασα,
1774 2876 2046 2958 θατέρῳ
2092 2872 2165 2938 δὲ
2207 2876 2305 2959 τῷ

157 2974 563 3061 Δημώνακτι
594 2975 718 3040 καὶ
768 2972 884 3041 ἐπὶ
928 2973 1248 3060 μήκιστον
1292 2972 1745 3063 συνεγενόμην.
1822 2976 1980 3061 περὶ
2024 2975 2144 3058 μὲν
2190 2960 2304 3041 οὖν

160 3076 559 3162 Σωστράτου
619 3075 688 3143 ἐν
749 3071 935 3162 ἄλλῳ
991 3078 1235 3163 βιβλίῳ
1280 3081 1654 3163 γέγραπταί
1695 3101 1812 3161 μοι
1857 3079 1968 3144 καὶ
2014 3075 2303 3165 δεδήλω-

158 3202 263 3245 ται
318 3178 614 3266 μέγεθός
670 3204 743 3246 τε
789 3172 993 3245 αὐτοῦ
1034 3181 1146 3246 καὶ
1198 3177 1421 3262 ἰσχύος
1476 3175 1810 3266 ὑπερβολὴ
1855 3181 1968 3245 καὶ
2012 3174 2051 3267 ἦ
2096 3171 2303 3245 ῧπαι-

76 3284 325 3364 375θρος
356 3279 429 3347 ἐν
456 3285 553 3367 τῷ
584 3284 974 3368 Παρνασσῷ
1005 3274 1156 3369 εὗνὴ
1186 3284 1300 3348 καὶ
1331 3277 1370 3367 ἡ
1408 3280 1734 3359 ἐπίπονος
1764 3281 1993 3349 δίαιτα
2014 3285 2126 3349 καὶ
2147 3306 2303 3365 τρο-

163 3385 282 3468 φαὶ
327 3379 547 3469 ὄρειοι
587 3386 699 3451 καὶ
747 3382 905 3470 ἐ’ργα
951 3376 1066 3450 οὒκ
1110 3377 1357 3469 ἀπῳδὰ
1403 3385 1521 3449 τοῦ
1563 3377 1893 3466 ὀνόματος
1933 3386 2045 3451 καὶ
2090 3376 2219 3450 ὅσα
2260 3373 2304 3472 ἢ

163 3483 408 3570 λῃστὰς
452 3478 750 3571 ἀναιρῶν
797 3484 1080 3573 ἔπραξεν
1124 3476 1168 3571 ἢ
1224 3481 1570 3553 ὁδοποιῶν
1619 3484 1702 3551 τὰ
1753 3482 1971 3571 ἄβατα
2015 3475 2057 3574 ἢ
2099 3510 2304 3574 γεφυ-

163 3589 292 3667 ρῶν
335 3585 424 3652 τὰ
470 3587 798 3674 δύσπορα.

327 3694 391 3754 2.
435 3692 609 3775 Περὶ
667 3689 740 3755 δὲ
784 3690 1234 3778 Δημώνακτος
1287 3685 1413 3779 ἤδη
1474 3690 1731 3757 δίκαιον
1791 3690 2001 3775 λέγειν
2047 3684 2301 3778 ἀμφοῖν
2334 3699 2371 3753 2

168 3785 368 3872 ἕνεκα,
414 3787 504 3869 ὡς
548 3791 797 3870 ἐκεῖνός
838 3816 913 3858 τε
956 3789 1070 3859 διὰ
1111 3791 1374 3882 μνήμης
1428 3791 1529 3882 ε’ίη
1574 3806 1718 3868 τοῖς
1762 3786 2067 3880 ἀρίστοις
2108 3791 2184 3858 τό
2229 3817 2304 3877 γε

166 3885 308 3955 κατ’
377 3891 489 3978 ἐμὲ
543 3896 657 3960 καὶ
717 3895 785 3961 οἱ
841 3894 1299 3979 γενναιότατοι
1342 3897 1479 3961 τῶν
1524 3899 1689 3961 νέων
1732 3897 1842 3960 καὶ
1889 3892 2063 3978 πρὸς
2108 3897 2303 3982 φιλο·-

172 3999 416 4080 σοφίαν
445 3991 728 4083 ὁρῶντες
759 3995 971 4079 ἔχοιεν
998 3995 1088 4084 μὴ
1135 3994 1307 4083 πρὸς
1350 3995 1435 4061 τὰ
1483 3989 1726 4082 ἀρχαῖα
1768 3995 1943 4080 μόνα
1987 3998 2121 4061 τῶν
2166 4022 2303 4061 πα-
