2800 4500
466 230 589 290 252

471 842 519 874 ι’..
567 824 647 874 Η.

475 1658 523 1694 ιζ’.
571 1646 652 1694 [E.

1415 231 1673 285 LUGIANI

678 401 784 468 ὅτε
828 406 884 465 U
925 438 1008 448 —
1051 400 1170 484 τὴν
1213 423 1362 483 ψυχ.
1413 400 1432 485 ΙΙ
1475 423 1588 465 om.
1633 400 1756 485 τὴν
1788 399 1857 464 Ω
1907 438 1983 448 -
2031 405 2153 469 εἴτε
2193 402 2215 488 ἸΙ
2259 407 2385 485 εἴγε
2432 402 2519 466 Ψ
2568 442 2652 451 -

680 505 859 592 αὐτῷ
901 503 920 588 ΙΙ
964 504 1126 587 αὐτῇ
1168 500 1290 565 ΩΓ
1334 540 1419 550 —
1463 503 1698 572 ἄλλοτε
1725 503 1745 589 ΙΙ
1772 510 1930 571 ποτὲ
1974 508 2031 568 U
2073 542 2157 553 —
2201 506 2273 571 δ’
2315 507 2459 587 αὐξ.
2514 506 2537 592 fl
2585 513 2654 573 δὲ

681 605 759 669 Ψ
788 643 872 652 --
902 615 1259 691 προφητείη
1335 616 1693 691 προφητεία
1725 604 1806 668 Ψ
1838 646 1917 656 -
1962 608 2224 692 ἀνδρῶν
2252 609 2272 693 ΙΙ
2301 608 2653 693 άνδρῶντε

683 719 923 776 θεῶντε
967 706 1047 772 Ψ
1091 745 1165 755 -
1215 718 1526 792 βληθεῖσα
1568 707 1588 793 ΙΙ
1632 719 1940 792 κληθεῖσα
1987 707 2066 771 Ψ

683 811 1058 894 ἐτεχνάσατο
1089 810 1108 896 ΙΙ
1137 811 1515 894 ἐτεχνήσατο
1559 808 1737 876 QUI*
1783 849 1864 859 —
1909 828 2053 891 ταῖς
2081 823 2291 893 Παφλ.
2342 820 2453 879 καὶ
2503 829 2655 892 ταῖς

683 927 871 982 Ποντ.
933 915 953 1000 ΙΙ
1007 931 1148 994 ταῖς
1202 926 1465 982 Ποντικ.
1530 922 1637 980 καὶ
1697 931 1838 994 ταῖς
1882 925 2092 995 Παφλ.
2142 912 2196 976 Γ
2250 932 2393 994 ταῖς
2437 927 2648 984 Ποντ.

683 1025 788 1084 καὶ
832 1028 1042 1098 Παφλ.
1093 1022 1149 1081 U
1191 1053 1275 1064 —
1318 1016 1682 1100 θεηκόλους
1724 1016 1744 1102 fl
1780 1022 2056 1102 θεηκέ(ἰιι
2086 1021 2392 1098 ras-nom
2440 1015 2497 1079 Γ
2544 1029 2655 1085 θε-

687 1126 970 1199 εικέλους
1000 1118 1069 1182 Ω
1112 1124 1520 1199 θεοεικέλους
1550 1123 1607 1183 U
1652 1155 1731 1166 -
1776 1119 2273 1201 εὐγενεστάτους
2316 1121 2336 1204 ΙΙ
2380 1121 2649 1203 εὐαγεσ-

687 1222 919 1302 τάτους
979 1220 1057 1284 Ψ
1113 1259 1191 1268 -
1238 1220 1460 1289 κάλλει
1504 1225 1523 1307 ss
1565 1221 1744 1289 κάλει
1789 1219 1867 1284 Ψ
1916 1259 1996 1269 --
2044 1221 2159 1302 οὓς
2201 1222 2221 1309 ss
2264 1222 2517 1308 οὕσπερ
2568 1229 2653 1304 (in

687 1329 825 1405 raa.)
870 1329 925 1388 U
983 1363 1061 1372 -
1110 1324 1597 1409 ἀργυρωνήτοις
1638 1325 1659 1411 ΙΙ
1703 1325 2175 1409 ἀργυρωνίτοις
2218 1323 2287 1388 Ω
2331 1361 2419 1369 -
2467 1326 2651 1410 ἐχρή-

683 1449 839 1496 σατο
896 1428 916 1514 fl
973 1432 1196 1512 ἐχρῆτο
1242 1425 1421 1491 QUI*
1482 1465 1556 1474 —
1618 1436 1726 1494 καὶ
1771 1449 1948 1510 συγκ.
1996 1428 2017 1515 ss
2060 1450 2174 1492 om.
2219 1436 2327 1494 καὶ
2371 1427 2502 1491 ΩΓ
2567 1467 2653 1476 -

683 1527 865 1597 οὗτοι
910 1530 929 1615 ΙΙ
972 1552 1086 1593 om.
1129 1526 1307 1593 ΩΠΓ
1350 1565 1434 1575 -
1480 1535 1543 1596 οἱ
1588 1530 1771 1609 ἐντὸς
1814 1530 1832 1615 ΙΙ
1876 1552 1991 1593 om.
2038 1535 2101 1597 οἱ
2144 1526 2224 1592 Ψ

687 1632 995 1714 γυναῖκάς
1039 1659 1105 1698 τε
1148 1631 1167 1717 ΙΙ
1209 1659 1345 1714 γυν.
1400 1638 1465 1698 δὲ
1499 1629 1577 1694 Ψ
1619 1667 1701 1678 -
1748 1633 1980 1716 ἀνέδην
2088 1632 2356 1715 ἀναίδην
2388 1629 2534 1695 ἾἮ
2566 1667 2655 1678 -

687 1735 1100 1819 ἐσρυήσεσθαι
1142 1736 1162 1823 ΙΙ
1206 1734 1650 1819 εἰσρυήσεσθαι
1695 1731 1816 1796 ΩΓ
1871 1772 1949 1782 -—
1998 1734 2244 1819 ηὔχουν
2288 1734 2307 1819 ΙΙ
2351 1732 2652 1818 ηὔχοντο

693 1834 771 1898 Ψ
819 1874 891 1882 -
942 1838 1151 1921 ἀληθῆ
1194 1836 1214 1922 ΙΙ
1258 1837 1521 1921 ἀληθῶς
1567 1835 1636 1900 Ω

475 1970 523 2002 r„
603 1954 655 2002 2³5.
691 1945 1109 2025 Σακέρδωτος
1155 1939 1174 2023 ΙΙ
1215 1950 1338 2007 τοῦ
1382 1951 1453 2008 Σ.
1505 1938 1630 2003 ΩΙ]
1684 1977 1766 1986 -·
1822 1944 1953 2023 εἴσῃ
1997 1941 2018 2027 Ι
2062 1943 2210 2006 εἴσει
2254 1936 2306 2000 Γ
2362 1977 2449 1987 -
2488 1966 2655 2024 χρυ-

483 3505 527 3535 ιπ,
575 3491 583 3535 ]
619 3491 659 3539 1*

687 2059 821 2122 σοῖς
863 2070 957 2128 γρ.
1006 2041 1026 2129 ΙΙ
1068 2070 1162 2127 γρ.
1207 2070 1305 2127 χρ.
1355 2040 1437 2104 Ψ
1491 2077 1574 2087 -
1632 2049 1787 2110 Εἰπὲ
1846 2042 1968 2128 γάρ
2018 2070 2130 2123 μοι
2174 2042 2194 2128 ΙΙ
2238 2049 2366 2109 εἰπὲ
2416 2047 2486 2109 δέ
2532 2070 2654 2123 μοι

687 2142 2123 2231 Ψ-ἒφηΙΙοω.Ψ-Ἐγώ11ἐγώγεῖ]
2180 2143 2654 2229 -ἦδ’ὃς[1

687 2245 718 2332 ἦ
766 2256 803 2315 δ
819 2249 833 2270 ’
878 2247 967 2329 ὥς
1011 2245 1091 2312 Ψ
1136 2286 1216 2295 -
1260 2258 1400 2328 πῶς
1445 2254 1644 2330 λέγεις
1686 2247 1706 2335 [Ι
1745 2247 1784 2333 ἢ
1818 2255 1981 2326 (ras.)
2012 2258 2151 2328 πῶς
2180 2259 2233 2316 λ.
2281 2250 2338 2310 U
2389 2284 2466 2293 -
2523 2276 2649 2315 πα·-

687 2369 973 2436 ραμενεῖς
1015 2352 1035 2437 ΙΙ
1077 2368 1432 2437 περιμενεῖς
1474 2356 1530 2414 U
1596 2389 1666 2398 -—
1722 2359 2125 2440 χρησμῳδῶν
2169 2350 2190 2438 Ι
2225 2358 2652 2436 χρησμωδῶν

691 2451 737 2515 Γ
793 2494 877 2503 -
932 2455 1284 2537 μεταστήσῃ
1340 2453 1360 2540 ΙΙ
1413 2453 1781 2539 μεταστήσει
1825 2451 1879 2515 Γ
1933 2491 2017 2501 -
2072 2464 2185 2539 τῆς
2244 2457 2589 2537 ἐπιδημίας
2635 2454 2657 2539 [Ι

687 2579 798 2620 om.
822 2566 933 2640 τῆς
957 2555 1026 2620 Ω
1050 2594 1130 2604 -
1163 2560 1252 2623 ἔτι
1278 2576 1399 2624 σου
1430 2557 1549 2624 τὸν
1580 2557 1967 2642 προπάτορα
1998 2560 2117 2640 ἔχει
2146 2555 2265 2623 τὸν
2299 2554 2604 2623 Ἀπόλλω
2641 2557 2662 2641 ss

687 2662 900 2741 ἔχουσι
956 2659 1072 2727 τὸν
1131 2665 1372 2745 πατέρα
1431 2649 1547 2726 τὸν
1597 2660 1966 2727 Ἀπόλλωνα
2008 2666 2534 2745 χρησμωδοῦντα
2585 2656 2657 2721 Ω

691 2764 899 2843 ἔχουσι
929 2761 1046 2828 τὸν
1077 2761 1462 2847 προπάτορα
1497 2761 1784 2830 Ἀπόλλω
1811 2770 2304 2848 χρησμοδοῦντα
2334 2765 2388 2824 U
2421 2764 2655 2843 ἔχουσι

691 2862 802 2929 τὸν
848 2869 1089 2948 πατέρα
1134 2864 1251 2944 τὸν
1301 2869 1434 2945 (sie)
1481 2864 1768 2932 Ἀπόλλω
1814 2872 2329 2949 χρησμωδοῦντα
2372 2859 2428 2923 Γ
2478 2901 2569 2911 -
2614 2863 2655 2947 ἢ

687 2971 863 3046 ψευδ.
925 2963 945 3049 ΙΙ
1003 2969 1082 3033 HI
1142 2964 1227 3049 (ᾗ)
1282 2964 1335 3028 Γ
1397 3004 1476 3013 --
1536 2966 1840 3052 ἐθελήσῃς
1895 2967 1914 3053 ΙΙ
1968 2966 2268 3052 ἐθελήσης
2311 2963 2363 3026 Γ
2423 2965 2659 3051 ἐθελή-

691 3087 813 3146 σεις
855 3070 912 3130 U
958 3105 1035 3113 -
1083 3070 1215 3134 εἶτα
1262 3068 1427 3152 ἀνὴρ
1471 3068 1491 3155 ΙΙ
1534 3069 1659 3137 εἶτ’
1703 3069 1866 3154 ἀνὴρ
1914 3066 1961 3129 Γ
2008 3106 2089 3115 -
2137 3068 2175 3136 ὃ
2207 3066 2475 3135 Γλύκων
2506 3067 2531 3155 Ι
2563 3068 2660 3147 ὡς

691 3169 855 3236 ἑκὼν
900 3167 978 3232 Ψ
1022 3209 1106 3218 -
1142 3170 1433 3255 χρησμὸν
1477 3171 1495 3255 ΙΙ
1523 3198 1621 3256 χρ.
1659 3171 1916 3250 ἐπιδοὺς
1946 3169 2027 3233 Ψ
2071 3207 2152 3217 —
2197 3176 2453 3258 Λεπίδῳ
2483 3172 2505 3255 ΙΙ
2538 3181 2658 3238 Λε-

691 3280 853 3339 πίδω
883 3271 933 3334 Γ
985 3310 1058 3320 -
1107 3276 1243 3339 ἐπεί
1287 3279 1348 3339 οἱ
1374 3272 1394 3357 ΙΙ
1426 3274 1623 3357 ἐπεὶῆ
1659 3271 1807 3336 ΩΨ
1853 3277 1982 3339 ἐπεὶ
2020 3276 2157 3357 vm)
2189 3270 2241 3333 Γ
2291 3308 2366 3317 -
2415 3272 2663 3359 οἶτοςΙ

691 3371 884 3454 οὗτος
900 3378 978 3454 (P)
1033 3374 1108 3438 Ψ

691 3486 824 3542 τῶν
869 3476 1221 3561 παρόντων
1264 3480 1284 3565 ΙΙ
1328 3500 1441 3541 om.
1487 3488 1622 3545 τῶν
1678 3474 1855 3540 QUI*
1918 3515 1994 3525 —
2052 3479 2221 3558 ἔλεγε
2262 3475 2283 3561 ss
2327 3479 2551 3558 ἔλεγεν
2603 3475 2657 3539 Γ

691 3614 773 3623 -
826 3584 1046 3657 μέντοι
1090 3581 1108 3664 ΙΙ
1149 3586 1369 3659 μέντοι
1415 3608 1483 3663 γε
1529 3579 1652 3645 ΩΙ]
1705 3586 1822 3659 μὲν
1867 3576 1945 3640 Ψ
2008 3616 2081 3625 --
2143 3596 2595 3663 προσαγαγεῖν
2642 3580 2664 3666 ΙΙ

694 3680 1044 3763 προσάγειν
1091 3680 1169 3745 Ψ
1212 3721 1293 3730 -
1340 3692 1445 3749 καὶ
1492 3693 1569 3767 ζῇ
1597 3682 1615 3770 ΙΙ
1646 3705 1760 3746 om.
1791 3690 1897 3748 καὶ
1929 3686 1983 3745 U
2026 3719 2109 3728 -—
2156 3680 2668 3769 ἐπανελήλυθε.

697 3782 1173 3867 ἐπανελήλυθεν
1217 3783 1268 3846 Γ
1326 3821 1410 3832 -
1468 3794 1600 3869 ζῶν
1643 3787 1661 3872 ΙΙ
1712 3808 1826 3850 om.
1874 3782 1952 3847 Ψ
2006 3820 2090 3832 -
2144 3793 2412 3851 τοιοῦτο
2525 3813 2667 3852 τοι·

695 3896 896 3953 οὕτον
938 3885 1111 3949 QUI*
1175 3924 1251 3933 —
1310 3894 1375 3953 δέ
1420 3916 1481 3955 τι
1522 3889 1541 3973 ΙΙ
1584 3894 1650 3955 δέ
1692 3915 1794 3956 τοι
1838 3885 1919 3949 Ψ
1974 3927 2058 3937 —-
2114 3891 2446 3970 ἐγεγένητο
2564 3914 2666 3969 γε·-

691 3993 946 4071 γένηται
993 3985 1072 4049 Ψ
1117 3992 1433 4070 ἐγεγένετο
1478 3996 1534 4055 U
1576 4027 1659 4038 ——
1714 3990 2121 4068 ἀναπλεύσας
2227 3987 2667 4070 ἀποπλεύσας
