2800 4500
691 236 821 288 1192
855 237 960 311 4131
997 236 1298 290 ΙΣΤΟΡΙΑΝ
1334 236 1755 290 ΣΥΓΓΡΑΦΕΙΝ.
2147 231 2174 241 ’
2218 236 2290 292 11

144 409 380 489 γε’σσου
429 399 739 492 ἀναξυρὶς
780 395 823 494 ἢ
867 401 902 473 ὁ
950 404 1219 488 χαλινὸς
1261 409 1380 471 τοῦ
1424 406 1678 485 ἵππου,
1732 401 2084 489 Ἡράκλεις
2139 404 2297 474 ὅσαι

145 506 459 592 μυριάδες
520 507 703 575 ἐπῶν
762 507 1037 574 ἕκαστον
1091 508 1380 588 τούτων,
1449 510 1558 573 καὶ
1619 507 1731 574 οἵα
1788 494 1867 596 ἦν
1923 503 1962 594 ἡ
2016 502 2296 594 Ὀσρόου

145 608 309 695 κόμη
371 610 754 688 διανέοντος
810 610 928 677 τὸν
981 616 1301 697 Τίγρητα,
1361 613 1474 676 καὶ
1520 608 1586 688 ἐς
1631 608 1773 676 οἷον
1821 604 2059 693 ἄντρον
2102 614 2296 676 κατέ-

148 735 340 798 φυγε,
400 716 625 778 κιττοῦ
667 715 777 779 καὶ
826 718 1145 799 μυρρίνης
1203 714 1315 778 καὶ
1374 710 1634 799 δάφνης
1680 710 1747 789 ἐς
1789 704 1993 777 ταύτὸ
2043 733 2294 795 συμπε-

147 812 453 899 φυκότων
507 816 615 880 καὶ
673 813 943 881 σύσκιον
1003 808 1291 900 ἀκριβῶς
1345 811 1724 882 ποιούντων
1783 806 2012 883 αὐτὰ,
2056 814 2295 880 σκόπει

73 932 124 982 28
144 909 233 991 ῶς
263 908 591 1000 ἀναγκαῖα
620 918 700 1002 τῇ
736 917 1001 1003 ἱστορίᾳ
1029 919 1259 995 ταῦτα,
1301 918 1415 981 καὶ
1446 908 1539 980 ῶν
1572 910 1726 980 ἄνευ
1758 907 1872 980 οὐκ
1903 910 1985 980 ἄν
2014 940 2082 980 τι
2110 910 2294 1002 ᾔδει-

142 1040 259 1098 μεν
304 1019 440 1082 τῶν
497 1016 631 1083 ἐκεῖ
688 1021 1150 1104 πραχθέντων.
1241 1021 1345 1083 20.
1403 1012 1538 1082 ὖπὸ
1585 1014 1711 1102 γὰρ
1769 1009 2131 1094 ἀσθενείας
2173 1019 2386 1102 τῆς20

143 1117 210 1184 ἐν
249 1131 397 1196 τοῖς
435 1124 788 1207 χρησίμοις
829 1110 872 1207 ἢ
919 1112 1189 1204 ἀγνοίας
1232 1121 1368 1184 τῶν
1415 1120 1692 1184 λεκτέων
1739 1115 1853 1184 ἐπὶ
1898 1117 2021 1195 τὰς
2065 1117 2295 1184 τοιαύ-

140 1235 258 1297 τας
314 1223 449 1286 τῶν
500 1228 764 1308 χωρίων
820 1223 932 1287 καὶ
991 1217 1248 1306 ἄντρων
1306 1218 1664 1307 ἐκφράσεις
1721 1224 2115 1305 τρέπονται,
2182 1225 2296 1288 καὶ

140 1317 402 1389 ὁπόταν
434 1319 501 1400 ἐς
530 1321 752 1388 πολλὰ
783 1326 894 1390 καὶ
924 1321 1181 1408 μεγάλα
1213 1321 1577 1408 πράγματα
1624 1320 2026 1405 ἐμπέσωσιν,
2076 1321 2295 1389 ἐοίκα-

141 1446 245 1491 σιν
292 1422 512 1512 οἰκέτῃ
572 1424 987 1511 νεοπλούτῳ,
1048 1420 1203 1509 ἄρτι
1259 1424 1828 1509 κληρονομήσαντι
1880 1427 1998 1488 τοῦ
2043 1423 2293 1490 δεσπό-
2353 1414 2358 1419 ’

139 1552 272 1606 του,
322 1524 400 1603 ὃς
431 1522 583 1592 οὕτε
625 1524 744 1610 τὴν
790 1526 1051 1613 ἐσθῆτα
1096 1522 1275 1592 οἶδεν
1307 1521 1395 1602 ὡς
1421 1524 1561 1611 χρὴ
1594 1526 2096 1610 περιβαλέσθαι
2142 1519 2294 1591 οὔτε

140 1628 502 1715 δειπνῆσαι
555 1626 724 1693 κατὰ
781 1627 1019 1712 νόμον,
1087 1620 1235 1692 ἀλλ’
1302 1624 1725 1715 ἐμπηδήσας,
1794 1625 2121 1704 πολλάκις
2178 1652 2293 1710 ορ-

137 1735 354 1796 νίθων
421 1732 534 1795 καὶ
601 1735 841 1795 συείων
906 1731 1018 1795 καὶ
1087 1727 1366 1814 λαγῴων
1440 1732 1928 1812 προκειμένων,
2001 1752 2294 1815 υπερεμ-

137 1833 485 1898 πίπλαται
529 1827 619 1909 ῶς
665 1831 890 1909 ε’τνους
932 1829 1116 1907 τινὸς
1159 1819 1201 1916 ἢ
1246 1836 1585 1915 ταρίχους,
1647 1823 1789 1896 ἐστ’
1844 1856 1924 1896 αν
1972 1830 2296 1918 διαρραγῇ

137 1931 413 2004 εσθίων.
504 1927 697 2009 οὗτος
742 1926 804 1998 δ’
845 1958 980 2009 ουν,
1027 1930 1104 1998 ὃν
1151 1945 1506 2018 προεῖπον,
1552 1935 1666 1998 καὶ
1708 1931 2059 2017 τραύματα
2106 1938 2295 1999 συνέ-

134 2047 358 2121 γραψε
415 2034 594 2101 πάνυ
647 2029 964 2101 ἀπίθανα
1011 2036 1124 2100 καὶ
1182 2033 1527 2111 θανάτους
1583 2027 2013 2116 ἀλλοκότους,
2074 2031 2167 2113 ῶς
2229 2034 2295 2113 ἐς

137 2136 457 2204 δάκτυλον
500 2140 621 2204 τοῦ
672 2134 887 2214 ποδὸς
929 2135 1047 2202 τὸν
1104 2139 1309 2221 μέγαν
1366 2141 1663 2222 τρωθείς
1715 2160 1820 2212 τις
1874 2129 2109 2203 αὐτίκα
2155 2136 2295 2202 ἐτε-

137 2238 441 2328 λεύτησε,
499 2241 611 2307 καὶ
656 2234 748 2316 ῶς
806 2236 1259 2324 ἐμβοήσαντος
1316 2237 1524 2322 μόνον
1567 2243 1868 2323 Πρίσκου
1925 2241 2045 2305 τοῦ
2090 2261 2294 2324 στρα-

135 2344 334 2428 τηγοῦ
364 2340 540 2408 ἑπτὰ
572 2345 685 2409 καὶ
717 2340 932 2408 ε’ίκοσι
961 2344 1093 2406 τῶν
1139 2342 1485 2423 πολεμίων
1532 2339 1871 2419 ἐξέθανον.
1948 2340 2048 2407 ἔτι
2079 2341 2152 2407 δὲ
2180 2343 2290 2407 καὶ

139 2441 204 2507 ἐν
244 2446 343 2529 τῷ
395 2446 532 2510 τῶν
589 2446 832 2530 νεκρῶν
891 2435 1171 2530 ἀριθμῶ
1224 2446 1421 2509 τοῦτο
1477 2443 1597 2526 μὲν
1654 2446 1768 2509 καὶ
1825 2440 2014 2527 παρὰ
2056 2441 2140 2507 τὰ
2183 2467 2292 2527 γε·

75 2548 485 2628 29γραμμένα
542 2543 610 2610 ἐν
665 2558 816 2620 ταῖς
871 2546 1005 2610 τῶν
1064 2538 1399 2629 ἀρχόντων
1461 2542 1854 2620 ἐπιστολαῖς
1920 2544 2289 2628 ἐψεύσατο·

139 2645 251 2713 ἐπὶ
296 2645 426 2733 γὰρ
473 2640 783 2732 Εὐρώπῳ
840 2649 974 2712 τῶν
1029 2646 1149 2729 μὲν
1208 2647 1555 2728 πολεμίων
1611 2640 1993 2712 ἀποθανεῖν
2051 2645 2292 2732 μυριά-

138 2747 254 2825 δας
300 2747 479 2814 ἕπτὰ
523 2750 636 2814 καὶ
678 2747 1034 2833 τριάκοντα
1063 2751 1175 2814 καὶ
1207 2747 1280 2825 ἓξ
1307 2746 1482 2831 πρὸς
1519 2761 1665 2825 τοῖς
1710 2747 2099 2829 διακοσίοις,
2140 2744 2291 2815 Ῥω-

136 2855 354 2930 μαίων
413 2849 485 2915 δὲ
540 2848 787 2933 μόνους
845 2849 993 2931 δύο,
1052 2852 1162 2916 καὶ
1226 2855 1643 2934 τραυματίας
1699 2855 2020 2935 γενέσθαι
2082 2849 2288 2916 ἐννέα.

136 2954 345 3016 ταῦτα
392 2944 510 3017 οὐκ
555 2947 709 3018 οἶδα
756 2951 822 3017 εί
859 2974 965 3027 τις
1004 2978 1086 3018 αν
1133 2976 1202 3016 ευ
1249 2954 1515 3075 φρονῶν
1562 2945 1939 3034 ἀνάσχοιτο.
2029 2958 2132 3018 21.
2177 2956 2290 3019 καὶ
2308 2964 2382 3018 21

137 3050 263 3141 μὴν
308 3045 571 3120 κάκεῖνο
620 3054 911 3134 λεκτέον,
972 3046 1047 3119 οὗ
1094 3052 1328 3140 μικρὸν
1375 3050 1482 3120 όν·
1536 3049 1670 3120 ὑπὸ
1718 3052 1843 3139 γὰρ
1887 3057 2008 3120 τοῦ
2050 3055 2293 3141 xoutdgr

129 3146 434 3232 Ἀττικὸς
481 3152 656 3222 εἶναι
697 3158 809 3222 καὶ
856 3148 1430 3236 ἀποκεκαθάρθαι
1472 3152 1592 3243 τὴν
1638 3153 1867 3266 φωνὴν
1899 3153 1965 3232 ἐς
1993 3154 2069 3222 τὸ
2103 3149 2291 3240 ἀκρι-

138 3260 459 3337 βέστατον
503 3250 787 3346 ἠξίωσεν
833 3250 1027 3334 οὗτος
1070 3260 1181 3324 καὶ
1224 3255 1310 3322 τὰ
1354 3250 1655 3341 ὀνόματα
1706 3257 2162 3344 μεταποιῆσαι
2203 3256 2289 3322 τὰ

135 3352 469 3441 Ῥωμαίων
519 3362 633 3425 καὶ
683 3358 1117 3445 μεταγράψαι
1162 3358 1230 3436 ἐς
1274 3357 1348 3425 τὸ
1391 3354 1804 3446 (Ελληνικόν,
1865 3354 1955 3437 ῶς
1999 3358 2289 3443 Κρόνιον

99 3461 258 3540 ’μὲν
305 3466 744 3547 Σατουρνῖνον
791 3462 1036 3546 λέγειν,
1096 3460 1388 3546 Φρόντιν
1435 3460 1506 3525 δὲ
1550 3457 1667 3527 τὸν
1716 3460 2114 3542 Φρόντωνα,
2170 3470 2289 3528 Τι-

142 3560 366 3630 τάνιον
412 3563 485 3629 δὲ
529 3560 647 3628 τὸν
686 3561 1001 3629 Τιτιανὸν
1044 3565 1154 3628 καὶ
1203 3559 1374 3628 ἄλλα
1419 3562 1656 3647 πολλῷ
1696 3562 2099 3647 γελοιότερα.
2190 3564 2291 3631 ἔτι

144 3656 176 3724 ὅ
242 3656 440 3741 αὐτὸς
499 3658 692 3742 οὗτος
760 3666 914 3751 περὶ
981 3667 1097 3752 τῆς
1154 3667 1562 3752 Σευηριανοῦ
1625 3665 1932 3751 τελευτῆς
1999 3659 2289 3752 ἔγραψεν

146 3758 235 3841 ῶς
281 3767 492 3850 οἱμὲν
541 3761 735 3833 ἄλλοι
781 3759 1073 3844 ἅπαντες
1119 3765 1566 3855 ἐξηπάτηνται
1612 3766 1909 3850 οἰόμενοι
1956 3767 2138 3855 ξίφει
2181 3792 2290 3832 τε-

147 3865 392 3934 θνάναι
439 3861 660 3948 αὐτόν,
709 3862 1057 3935 ἀποθάνοι
1103 3869 1174 3935 δὲ
1218 3865 1254 3936 ὁ
1302 3862 1465 3954 ἀνὴρ
1513 3874 1745 3935 σιτίων
1791 3862 2287 3952 ἀποσχόμενος·

147 3969 374 4035 τοῦτον
427 3969 552 4057 γὰρ
612 3963 795 4056 αὗτῷ
863 3964 1287 4038 ἀλυπότατον
1356 3970 1548 4050 δόξαι
1604 3968 1721 4037 τὸν
1777 3970 2108 4037 θάνατον·
2174 3963 2292 4036 οὐκ
