2800 4500
801 235 1017 289 VERAE
1055 236 1397 291 ms'romAE
1434 238 1619 291 unm
1652 239 1689 291 1.
2190 241 2315 300 315

173 428 213 472 ο.
238 414 330 471 13.
364 407 670 490 τεράστια
696 406 819 490 γὰρ
848 415 994 491 περὶ
1025 408 1244 473 αὐτῶν
1289 412 1677 489 ἐλέγοντο
1705 407 1725 492 Ι
1769 413 2086 490 ἐλέγετο
2127 410 2315 486 QUI*

365 512 529 574 Eut.

173 618 332 674 ulfi.
371 608 910 693 Ἀεροκόρδακες
950 608 973 694 Ι
1017 608 1545 693 Ἀεροκόρδακες
1589 609 1797 684 ΩἋΓ
1828 615 1983 678 lut.

170 721 330 777 e.17.
366 722 889 793 σαλπιγκτῶν
932 709 952 794 Ι
994 722 1365 778 σαλπιστῶν
1409 713 1469 784 U
1513 715 1668 777 unt

173 824 333 880 ο.19.
367 826 444 898 τῇ
501 823 957 899 προτεραίᾳ
997 867 1014 882 .
1048 869 1061 881 .
1096 869 1111 882 .
1169 825 1248 896 τῇ
1304 824 1692 900 υστεραίᾳ
1734 817 1754 902 Ι
1796 822 2152 901 προτέρᾳ
2194 871 2207 883 .
2244 871 2257 883 .
2294 871 2307 883 .

371 918 411 983 α’
425 943 464 999 ρ
482 945 505 982 ι
520 935 560 982 σ
571 945 609 982 τ
624 921 651 981 έ
668 943 707 999 ρ
724 944 765 1001 ᾳ
790 917 997 996 Cobet,
1029 920 1131 994 qni
1154 919 1352 979 docuit
1371 918 1618 979 formam
1638 921 1699 979 in
1722 927 1831 1002 αίᾳ
1853 921 2217 982 desinentem
2240 922 2314 983 de

370 1021 584 1082 diebus
599 1022 897 1097 usurpari,
919 1022 980 1079 in
993 1022 1107 1102 έρᾳ
1121 1019 1487 1080 desinentem
1501 1021 1577 1083 de
1590 1023 1721 1082 aliis
1744 1022 2105 1097 quibuslibet
2115 1023 2312 1084 rebus.

172 1140 210 1182 c.
232 1126 330 1185 20.
363 1119 484 1204 τὴν
538 1127 604 1185 δὲ
656 1119 966 1186 άποικίαν
1009 1118 1127 1200 τὴν
1172 1123 1234 1197 ἐς
1279 1118 1397 1185 τὸν
1432 1119 1801 1203 Ἑωσφόρον
1845 1147 1884 1186 κ
1901 1121 2132 1205 οινὴν
2174 1148 2315 1189 ποι-

371 1233 586 1289 εῖσθαι
629 1220 652 1306 Ι
693 1231 930 1303 κοινῇ
974 1217 1151 1285 ΩἳῐΓ
1195 1224 1362 1284 Mut.

171 1345 212 1386 ο.
236 1332 338 1388 22.
371 1323 411 1390 ἃ
444 1330 510 1390 δὲ
543 1328 629 1390 έν
657 1334 766 1409 τῷ
793 1322 1034 1403 μεταξὺ
1064 1329 1413 1406 διατρίβων
1443 1373 1463 1391 .
1485 1377 1499 1390 .
1526 1377 1541 1390 .
1577 1322 1808 1408 ἐνόησα
1835 1323 1855 1408 Ι
1884 1328 1974 1403 [ἐν
2003 1330 2119 1411 τῷ]
2147 1327 2313 1389 det.

369 1428 463 1489 Cf.
519 1424 765 1505 μεταξὺ
820 1425 1204 1508 ὀρχούμενοι
1259 1428 1354 1488 De
1397 1429 1709 1489 saltatione
1766 1446 1820 1489 c.
1860 1434 1927 1488 11
1985 1430 2315 1506 Usurpatur

371 1533 527 1591 enim
572 1526 817 1606 μεταξύ
860 1534 962 1589 aut
1005 1528 1274 1589 absolute
1319 1534 1421 1589 aut
1462 1531 1915 1605 praepositionis
1957 1534 2169 1609 instar,
2215 1536 2317 1591 aut

369 1653 504 1694 eum
559 1633 910 1710 participio,
968 1635 1070 1691 aut
1115 1630 1471 1691 substantivi
1512 1649 1692 1692 sensu
1748 1650 1879 1692 eum
1936 1634 2185 1693 articulo
2228 1666 2313 1677 —

365 1732 715 1800 θάλλουσα
759 1737 871 1810 εἰς
916 1731 1012 1797 αἐὶ
1052 1728 1072 1813 Ι
1116 1733 1232 1794 del.
1278 1737 1364 1809 εἰς
1407 1734 1517 1794 Mt.

166 1854 210 1897 c.
234 1841 332 1898 23.
364 1834 580 1917 τροφὴ
610 1839 676 1899 δὲ
707 1843 906 1899 πᾶσιν
933 1832 973 1915 ἣ
1004 1831 1191 1915 αὐτή
1211 1830 1234 1916 Ι
1253 1831 1438 1916 αὕτη
1461 1835 1622 1896 det.
1644 1869 1726 1879 —
1747 1832 2127 1900 λάπτουσι
2146 1831 2166 1916 Ι
2186 1833 2314 1900 κά-

369 1958 608 2003 πτουσι
624 1938 768 1999 Cob.
783 1937 1106 1998 seeundum
1121 1937 1252 1997 eod.
1273 1936 1347 2014 Γ,
1364 1937 1426 1996 ἰιι
1441 1956 1558 2012 quo
1572 1955 1868 2015 suprascr.
1886 1944 1977 1999 est
1992 1935 2313 2003 κάπτουσι

166 2058 214 2100 e.
237 2045 335 2102 24.
364 2043 592 2117 μέντοι
624 2060 705 2121 γε
745 2034 766 2121 Ι
808 2039 947 2100 del.
991 2058 1084 2119 γε.
1136 2035 1346 2106 gul-v
1374 2038 1535 2101 Eut.
1581 2073 1660 2083 —-
1707 2040 1967 2119 ἔντερον
2011 2043 2076 2103 δὲ
2120 2039 2313 2103 ου’δὲν
2380 2105 2387 2111 ,

368 2139 524 2224 ἧπα
541 2168 580 2224 ρ
639 2144 710 2207 ἐν
770 2141 932 2222 αὐτῇ
986 2148 1279 2219 φαίνεται
1335 2139 1372 2222 ἢ
1418 2149 1617 2206 τοῦτο
1672 2138 1883 2217 μόνον
1938 2138 2036 2206 ὅτι
2094 2147 2313 2207 δασεῖα

365 2254 544 2311 πᾶσα
573 2245 884 2310 ἔντοσθεν
913 2250 1021 2309 καὶ
1050 2239 1273 2321 λάσιός
1312 2245 1487 2308 ἐστιν
1525 2238 1548 2325 Ι
1588 2246 1798 2305 Mirum
1837 2245 2107 2323 profecto
2153 2246 2315 2322 quod

367 2350 592 2410 tamdiu
614 2350 792 2426 jecur
818 2342 1041 2429 (ἧπαρ)
1073 2348 1386 2407 toleratum
1417 2352 1523 2408 est.
1588 2349 1725 2408 Non
1753 2350 1909 2409 enim
1939 2348 2140 2409 dubito
2171 2351 2313 2424 quin

365 2447 580 2533 ἧπαρ
627 2455 967 2526 corruptum
1009 2452 1087 2510 sit
1130 2468 1207 2509 ex
1247 2446 1290 2529 ἤ
1299 2473 1443 2529 περ
1488 2468 1606 2524 qua
1647 2453 1820 2511 unius
1862 2452 2095 2512 litterae
2126 2455 2309 2512 muta·

367 2557 528 2616 tione
572 2555 834 2615 iecinore
876 2556 1100 2613 remoto
1143 2553 1261 2611 iam
1301 2554 1498 2612 omnia
1540 2570 1687 2612 sana
1727 2558 1879 2614 sunt.
1960 2554 2311 2631 Legendum

365 2658 579 2735 igitur:
628 2656 892 2736 ἔντερον
931 2657 996 2717 δὲ
1028 2651 1218 2718 οὐδὲν
1248 2654 1317 2715 ἐν
1347 2651 1511 2733 αὐτῇ
1540 2661 1833 2731 φαίνεται
1872 2652 2066 2736 ἤπερ
2111 2664 2311 2720 τοῦτο

363 2757 598 2836 μόνον,
644 2753 746 2820 ὅτι
790 2760 1010 2819 δασεῖα
1053 2762 1226 2819 πᾶσα
1271 2756 1578 2819 ἔντοσθεν
1622 2762 1729 2819 καὶ
1772 2754 1996 2834 λάσιός
2040 2760 2214 2822 ἐστιν

166 2877 214 2917 e.
246 2863 334 2921 25.
364 2857 523 2937 τοὺς
548 2855 937 2937 ὀφθαλμοὺς
967 2854 1533 2938 περιαιρετοὺς
1564 2855 2311 2942 ἒχουσιΙέξαιρετοὺς

361 2965 569 3024 Herm.
603 2960 768 3022 det.
843 2958 932 3020 Cf.
963 2957 1120 3018 infra
1149 2960 1511 3035 ἐνθέμενος
1547 2957 1673 3041 ὸρᾷ
1716 2995 1799 3005 —-
1844 2959 1879 3024 ὃ
1910 2960 2314 3040 βουλόμενος

362 3062 605 3144 ἐξελὼν
634 3057 789 3138 τοὺς
834 3060 1090 3125 αὑτοῦ
1125 3058 1584 3139 τυφλώττει
1615 3061 1744 3125 ἐστ’
1772 3060 1853 3127 ἂν
1884 3068 2079 3144 δεηθῇ
2108 3068 2265 3128 ἰδεῖν
2291 3063 2314 3149 Ι

363 3192 412 3247 φ
428 3176 525 3232 υλ
542 3163 727 3231 άττε
743 3192 764 3229 ι
796 3161 943 3224 «ΩΓ
960 3165 1118 3226 nut.
1172 3163 1261 3225 Cf.
1282 3162 1440 3224 infra
1468 3169 1583 3228 εἰσὶ
1606 3168 1672 3228 οἳ
1699 3171 1808 3230 καὶ
1837 3163 2125 3242 πολλοὺς
2155 3164 2316 3231 α’πο-

357 3272 598 3345 θέτους
642 3269 857 3347 ἔχουσι
889 3300 974 3309 -
1003 3269 1078 3329 οὶ
1124 3261 1471 3330 πλούσιο
1489 3292 1510 3329 ι
1539 3263 1559 3348 Ι
1584 3268 1701 3328 del.
1733 3269 1981 3331 Mehler.
2027 3271 2317 3330 Hartman

161 3384 214 3428 c.
236 3372 326 3433 28.
356 3368 708 3452 παρῄειμεν
750 3367 871 3434 τὸν
911 3366 1101 3449 ἥλιον
1146 3371 1215 3432 ἐν
1252 3377 1394 3453 χρῷ
1438 3365 1578 3450 τὴν
1634 3378 1773 3450 γῆν
1829 3378 2315 3453 παραπλέοντες

360 3471 380 3555 ΙΙ
422 3470 588 3553 [τὴν
644 3473 806 3553 γῆν]
849 3473 1133 3533 Paetzolt.
1207 3473 1475 3533 Pertinet
1516 3475 1670 3533 enim
1714 3476 1786 3538 ἐν
1834 3484 1976 3560 χρῷ
2021 3478 2100 3538 ad
2141 3498 2315 3555 prae-

364 3576 591 3637 cedens
637 3571 757 3637 τὸν
800 3570 987 3654 ἥλιον
1030 3608 1112 3618 —-

359 3683 927 3757 μισθοφοροῦντες
950 3672 1198 3755 [παρὰ]
1223 3682 1316 3759 τῷ
1346 3678 1662 3741 Φαέθοντι
1690 3673 1710 3759 ΙΙ
1736 3687 2003 3759 μισθοφ.
2031 3691 2126 3767 τῷ
2164 3687 2316 3747 Φαέ-

361 3786 558 3844 θοντι
602 3797 716 3839 om.
763 3775 938 3858 παρὰ
979 3772 1101 3836 ΩΓ
1116 3779 1282 3839 Mat.

171 3889 221 3935 c.
244 3880 331 3939 29.
360 3878 725 3958 α’ποβάντες
749 3884 814 3943 δὲ
860 3877 1221 3960 ἄνθρωπον
1261 3883 1379 3955 μὲν
1426 3878 1659 3946 οὐδένα
1695 3879 1989 3965 εὕρομεν,
2033 3884 2319 3967 λύχνους

365 3987 427 4045 δὲ
472 3978 840 4058 πολλοὺς
883 3984 1303 4062 περιθέοντας
1345 4032 1360 4047 .
1409 4034 1424 4047 .
1470 4034 1485 4047 .
1536 3981 1691 4061 τοὺς
1734 3990 1854 4061 μὲν
1896 3987 2171 4071 μικροὺς
2213 4016 2297 4056 κα
