2800 4500
418 200 454 257 8
1309 205 1677 260 ΛΟΥΚΙΑΝΟΥ

333 385 405 441 14
594 378 687 437 14.
751 364 906 455 Ἐγώ
978 365 1042 435 δ>
1114 357 1227 437 οὗν
1292 376 1402 440 καὶ
1470 374 1872 461 διηγήσομαι
1939 370 2166 443 ὁπόσα
2230 382 2575 467 μέμνημαι

421 472 688 559 ἔναγχος
755 473 824 540 ἐν
883 467 1101 561 Ἰωνίᾳ
1168 480 1602 562 συγγραφέων
1667 481 1904 555 τινῶν,
1980 480 2088 544 καὶ
2158 477 2233 567 νὴ
2298 485 2436 545 Δία
2504 485 2574 546 ἐν

413 568 656 662 Ἀχαΐᾳ
712 575 947 663 πρῴην
1008 569 1293 653 ἀκούσας
1348 575 1467 643 τὸν
1526 570 1726 645 αὐτὸν
1785 582 2022 644 τοῦτον
2079 579 2375 664 πόλεμον
2423 583 2571 670 διη-

421 683 799 763 γουμένων·
876 680 987 744 καὶ
1063 676 1237 762 πρὸς
1308 685 1632 761 Χαρίτων
1704 681 1939 767 μηδεὶς
2013 675 2355 770 ἀπιστήσῃ
2428 697 2575 760 τοῖς

426 780 974 900 λεχθησομένοις·
1029 773 1136 848 ότι
1176 779 1301 865 γὰρ
1349 774 1576 868 ἀληθῆ
1621 781 1763 848 ἐστι
1806 808 1928 849 καν
1975 782 2464 873 ἐπωμοσάμην,
2516 785 2577 851 εἰ

426 876 693 947 ἆστεῑον
749 908 829 969 ην
895 875 1089 968 όρκον
1156 880 1497 949 ἐντιθέναι
1564 884 2039 969 συγγράμματι.
2145 885 2240 964 εἶς
2295 891 2416 970 μέν
2470 912 2580 964 τις

427 977 642 1049 αὐτῶν
689 977 825 1049 απὸ
875 987 1174 1051 Μουσῶν
1229 979 1436 1064 εὐθὺς
1492 980 1738 1073 ἤρξατο
1785 989 2193 1110 παρακαλῶν
2234 988 2356 1067 τὰς
2401 987 2582 1067 θεὰς
2703 1044 2712 1047 -

429 1085 968 1172 συνεφάψασθαι
1023 1090 1142 1153 τοῦ
1200 1087 1727 1173 συγγράμματος.
1817 1084 1981 1176 ορᾷς
2040 1086 2131 1166 ὥς
2190 1088 2475 1177 ἐμμελὴς
2535 1085 2578 1176 ἡ

431 1180 591 1270 ἀρχὴ
638 1189 749 1253 καὶ
795 1191 952 1274 περὶ
1000 1187 1183 1254 πόδα
1212 1192 1295 1276 τῇ
1340 1189 1604 1277 ἱστορίᾳ
1647 1192 1756 1256 καὶ
1790 1193 1886 1275 τῷ
1916 1189 2200 1277 τοιούτῳ
2247 1190 2413 1258 ε’ίδει
2442 1194 2580 1257 τῶν
2606 1207 2675 1256 20

432 1287 642 1374 λόγων
700 1293 1076 1375 πρέπουσα.
1153 1286 1298 1357 εἶτα
1349 1289 1584 1378 μικρὸν
1639 1288 1904 1376 ὑποβὰς
1942 1287 2235 1374 Ἀχιλλεῖ
2284 1292 2405 1375 μὲν
2460 1291 2583 1358 τὸν

433 1385 748 1475 ἡμέτερον
806 1386 1092 1475 ἄρχοντα
1150 1391 1393 1473 εἴκαζε,
1458 1398 1745 1481 Θερσίτῃ
1805 1394 1877 1460 δὲ
1934 1392 2051 1461 τὸν
2108 1398 2240 1459 τῶν
2296 1397 2585 1478 Περσων

417 1495 745 1611 βασιλέα,
795 1519 909 1560 ουκ
954 1486 1218 1571 eidcbg‘
1193 1488 1299 1561 ότι
1346 1520 1380 1560 ο
1423 1489 1764 1577 Ἀχιλλεὺς
1813 1490 2102 1579 ἀμείνων
2146 1482 2226 1584 ἦν
2274 1489 2474 1581 αυτῷ,
2522 1495 2587 1561 εἰ

417 1586 704 1680 (Ἐκτορα
748 1597 1002 1679 μᾶλλον
1046 1622 1085 1684 η
1139 1601 1466 1684 Θερσίτην
1509 1596 1815 1683 καθῄρει,
1862 1599 1971 1663 καὶ
2005 1597 2064 1664 εἰ
2111 1597 2417 1685 πρόσθεν
2461 1598 2589 1680 μὲν

436 1695 707 1783 ε’φευγεν
753 1696 1001 1776 ἐσθλός
1041 1722 1163 1779 τις,

972 1798 1204 1866 ἐδίωκε
1249 1800 1321 1866 δέ
1362 1827 1478 1885 μιν
1522 1794 1670 1885 μέγ’
1714 1795 2035 1884 ἀμείνων.

439 1893 561 1967 εἶτ’
628 1899 868 1989 ἐπῆγεν
925 1896 1095 1988 ὑπὲρ
1155 1897 1356 1968 αὑτοῦ
1398 1929 1467 1969 τι
1513 1901 1863 1988 ἐγκώμιον,
1925 1905 2039 1968 καὶ
2097 1897 2190 1980 ιῦς
2247 1898 2436 1981 ἄξιος
2482 1902 2589 1989 εἴη

441 2002 823 2090 συγγράψαι
878 2002 1001 2080 τὰς
1058 2003 1339 2089 πράξεις
1397 1996 1571 2070 οῧτω
1631 2002 1948 2088 λαμπρὰς
2006 1999 2229 2081 οὔσας.
2330 2000 2453 2091 ἤδη
2514 2003 2593 2068 δὲ

438 2103 683 2171 κατιών
729 2104 961 2192 ἐπῄνει
1003 2108 1117 2172 καὶ
1145 2103 1263 2194 τὴν
1308 2105 1604 2189 πατρίδα
1646 2104 1766 2192 τὴν
1810 2107 2140 2193 Μίλητον,
2187 2106 2596 2192 προστιθεὶς

441 2203 531 2287 ὥς
577 2202 851 2293 ἄμεινον
909 2221 1104 2275 ποιοῖ
1161 2211 1358 2274 τοῦτο
1415 2210 1535 2275 τοῦ
1573 2204 1859 2296 Ὁμήρου
1916 2208 2120 2296 μηδὲν
2176 2211 2597 2295 μνησθέντος

439 2315 557 2397 τῆς
588 2311 934 2397 πατρίδος.
989 2303 1099 2377 εἶτ’
1132 2309 1248 2378 ἐπὶ
1270 2311 1447 2378 τέλει
1466 2314 1585 2376 τοῦ
1610 2315 1971 2395 προοιμίου
1992 2306 2379 2393 ὑπισχνεῖτο
2405 2310 2598 2397 διαρ-

445 2412 645 2500 ρήδην
689 2417 801 2480 καὶ
848 2416 1104 2500 σαφιῦς,
1153 2410 1271 2478 ἐπὶ
1314 2411 1538 2495 μεῖζον
1582 2413 1703 2495 μὲν
1751 2406 1934 2498 ἇρεῖν
1968 2410 2053 2476 τὰ
2088 2407 2396 2498 ἡμέτερα,
2441 2410 2603 2488 τοὺς
2626 2425 2683 2475 21

442 2515 821 2603 βαρβάρους
880 2508 951 2580 δὲ
1006 2513 1586 2600 καταπολεμήσειν
1642 2517 1754 2580 καὶ
1814 2507 2044 2594 αὐτός,
2100 2509 2205 2602 «ιῦς
2264 2504 2345 2579 ἂν
2405 2513 2602 2599 δύνη-

444 2636 586 2684 ται’
633 2620 744 2684 καὶ
774 2612 1018 2705 ἤρξατό
1050 2640 1123 2700 γε
1151 2618 1268 2702 τῆς
1300 2616 1601 2699 ἱστορίας
1632 2608 1859 2696 οὕτως,
1910 2614 2132 2681 αἰτίαν
2166 2607 2304 2698 ἅμα
2334 2617 2451 2702 τῆς
2482 2617 2604 2680 τοῦ

447 2720 746 2803 πολέμου
795 2712 994 2804 ἀρχῆς
1040 2716 1330 2795 διεξιών·
1387 2717 1497 2797 ,,Ὁ
1540 2719 1663 2801 γὰρ
1708 2715 2135 2803 μιαρώτατος
2177 2719 2288 2782 καὶ
2332 2712 2594 2782 κάκιστ’

452 2820 911 2903 ἀπολούμενος
987 2812 1442 2904 Οὗολόγεσσος
1507 2814 1753 2907 ἤρξατο
1820 2821 2140 2903 πολεμεῖν
2208 2812 2300 2887 δι’
2376 2817 2605 2884 αἰτίαν

366 2924 779 2994 15τοιάνδε.“
870 2929 969 2989 15.
1018 2915 1210 2999 οὗτος
1252 2922 1373 3004 μὲν
1417 2925 1717 2988 τοιαῦτα.
1807 2921 2027 3008 ἕτερος
2071 2920 2143 2986 δὲ
2193 2920 2605 2987 Θουκυδίδου

454 3024 743 3114 ζηλωτὴς
800 3020 1029 3107 ι’ίκρος,
1092 3023 1233 3102 οἶος
1277 3009 1347 3090 εὗ
1391 3023 1574 3108 μάλα
1630 3027 1730 3109 τῷ
1789 3017 2137 3111 ἀρχετύπῳ
2198 3022 2606 3104 εἰκασμένος,

450 3132 562 3196 καὶ
608 3126 725 3216 τὴν
772 3121 973 3214 ἀρχὴν
1020 3122 1111 3203 ιῦς
1157 3125 1404 3204 ἐκεῖνος
1449 3124 1567 3191 σὺν
1596 3129 1694 3211 τῷ
1725 3124 1964 3192 ἐαυτοῦ
2008 3117 2288 3206 ὀνόματι
2333 3118 2605 3209 ἤρξατο,

449 3228 888 3316 χαριεστάτην
936 3222 1150 3314 ἆρχιῦν
1198 3223 1483 3293 ἆπασιῦν
1512 3229 1622 3294 καὶ
1655 3227 1879 3312 θύμου
1910 3230 2031 3293 τοῦ
2069 3219 2380 3292 Ἀττικοῦ
2428 3219 2607 3291 άπο-

455 3336 810 3398 πνέουσαν.
911 3323 1035 3416 ὅρα
1089 3329 1246 3416 γάρ·
1307 3335 1741 3416 ,,Κρεπέρῃος
1796 3324 2355 3411 Καλπουρνιανὸς
2411 3332 2607 3409 Πομ-

459 3434 951 3522 πηϊουπολίτης
1018 3438 1389 3518 συνέγραψε
1452 3431 1570 3497 τὸν
1637 3431 1933 3513 πόλεμον
1991 3434 2123 3494 τιῦν
2180 3433 2608 3514 Παρθυαίων

459 3538 569 3602 καὶ
607 3531 960 3617 Ῥωμαίων,
1014 3529 1104 3611 ιῦς
1149 3532 1573 3622 ἐπολέμησαν
1619 3530 1794 3619 πρὸς
1838 3525 2191 3618 ἀλλήλους,
2242 3524 2612 3613 ἀρξάμενος
2636 3542 2693 3592 22

462 3630 667 3713 εὐθὺς
727 3636 1261 3719 ξυνισταμένου.“
1350 3631 1522 3700 ὥστε
1579 3634 1745 3718 μετά
1791 3658 1864 3719 γε
1920 3632 2233 3719 τοιαύτην
2294 3626 2496 3719 ἀρχὴν
2541 3638 2611 3696 τί

463 3733 542 3804 ἄν
590 3760 699 3805 σοι
741 3736 824 3803 τὰ
867 3735 1074 3805 λοιπὰ
1124 3738 1400 3823 λέγοιμι,
1447 3733 1658 3804 ὁποῖα
1691 3733 1757 3802 ἐν
1794 3734 2115 3821 Ἀρμενίᾳ
2162 3731 2612 3820 ἐδημηγόρησε

462 3839 578 3907 τὸν
634 3846 1044 3924 Κερκυραῖον
1104 3834 1286 3923 anf-tq?
1344 3837 1594 3925 ῥήτορα
1659 3835 2295 3924 παραστησάμενος,
2370 3823 2411 3922 ἢ
2464 3832 2610 3899 οἶον

468 3947 858 4028 Νισιβηνοῖς
903 3938 1136 4022 λοιμὸν
1181 3952 1323 4015 τοῖς
1352 3936 1441 4024 μὴ
1473 3936 1557 4003 τὰ
1596 3933 1933 4020 Ῥωμαίων
1981 3936 2398 4020 αἱρουμένοις
2442 3933 2609 4021 ἐπή-
