2800 4500
417 235 497 293 80
1296 239 1668 291 ΛΟΥΚΙΑΝΟΥ

413 431 498 489 με
543 398 958 493 ἀποκηρῦξαι
1002 407 1348 532 βούλεται,
1405 401 1495 475 ἶν’
1551 409 1696 498 εἰδῇ
1755 405 1986 478 οὗκέθ’
2051 407 2295 494 ὅμοίαν
2354 398 2565 480 οῦσαν
2587 424 2677 474 166

416 501 596 594 αὐτῷ
640 512 753 574 νῦν
797 534 870 575 τε
911 511 1024 575 καὶ
1069 509 1399 596 πρότερον
1443 510 1565 598 τὴν
1602 511 1927 591 ἐξουσίαν.
2017 507 2093 581 οὗ
2124 513 2248 600 γὰρ
2282 508 2567 596 άπασιν,

415 636 467 675 ω
514 610 749 697 πάτερ,
797 607 840 732 o‘³
881 617 1253 702 νομοθέτης
1299 607 1453 681 οὐδὲ
1497 614 1759 693 πάντας
1802 615 1988 694 υἱέας
2031 609 2250 683 οῦδὲ(
2216 615 2452 694 οσάκις
2485 643 2569 684 αν

415 711 745 781 ἐθέλωσιν
805 707 1286 802 ἀποκηρύττειν
1355 717 1832 806 συγκεχώρηκεν
1900 711 2049 787 οὐδ’
2124 718 2240 786 ἐπὶ
2304 718 2572 796 πάσαις

415 815 697 898 αἰτίαις,
759 810 910 883 ἀλλ’
965 817 1195 946 αἷσπερ
1239 833 1385 898 τοῖς
1427 820 1731 905 πατράσι
1774 818 1859 887 τὰ
1902 823 2263 911 τηλικαῦτα
2309 815 2570 944 ὀργίζε-

413 923 588 985 σθαι
632 918 891 1008 ἐφῆκεν,
946 920 1155 999 οὕτως
1197 923 1311 988 καὶ
1350 925 1486 988 τῶν
1530 922 1798 990 παίδων
1841 916 2286 1012 προύνόησεν,
2333 918 2425 1001 ὥς
2469 921 2564 1011 μὴ

415 1020 659 1100 ἀδίκως
706 1016 866 1090 αὐτὸ
900 1022 1244 1105 πάσχωσι·
1290 1026 1404 1090 καὶ
1443 1023 1555 1091 διὰ
1588 1028 1785 1092 τοῦτο
1821 1018 1936 1092 οῦκ
1966 1024 2327 1111 ἐλευθέραν
2358 1023 2570 1114 ἐφῆκε

410 1129 762 1209 γίγνεσθαι
807 1120 957 1191 ουδὲ
1004 1152 1272 1212 ακριτον
1314 1124 1435 1214 τὴν
1478 1133 1839 1214 τιμωρίαν,
1901 1120 2053 1192 ἀλλ’
2121 1126 2188 1205 ἐς
2247 1121 2567 1215 δικαστή-

413 1252 558 1313 ριον
605 1225 873 1293 ἐκάλεσε
917 1230 1025 1293 καὶ
1075 1227 1486 1311 δοκιμαστὰς
1530 1228 1812 1296 ἐκάθισε
1853 1227 2009 1305 τοὺς
2041 1228 2210 1316 μήτε
2239 1226 2413 1312 πρὸς
2444 1221 2568 1310 ὀρ-

410 1326 530 1413 γὴν
574 1327 737 1415 μήτε
780 1328 954 1417 πρὸς
999 1328 1317 1417 διαβολὴν
1359 1329 1436 1398 τὸ
1487 1330 1746 1397 δίκαιον
1779 1334 2196 1416 κρινοῦντας·
2241 1326 2390 1417 ᾔδει
2431 1329 2564 1415 γὰρ

413 1431 692 1507 πολλοῖς
754 1430 1080 1509 πολλάκις
1146 1425 1428 1518 ἀλόγους
1496 1433 1717 1511 αἰτίας
1776 1427 1975 1520 ὀργῆς
2031 1436 2564 1519 παρισταμένας,

411 1536 519 1600 καὶ
566 1532 683 1600 τὸν
726 1534 847 1618 μὲν
892 1535 1134 1617 ψευδεῖ
1174 1562 1308 1603 τινι
1355 1535 1638 1623 διαβολῇ
1682 1535 2128 1620 πειθόμενον,
2173 1533 2291 1601 τὸν
2339 1533 2411 1599 δὲ
2458 1531 2566 1599 οἰ-

411 1641 561 1723 κέτῃ
607 1636 1013 1704 πιστεύοντα
1056 1627 1097 1726 ἢ
1140 1644 1389 1724 γυναίῳ
1437 1636 1680 1724 ἐχθρῷ.
1769 1632 2003 1704 οὔκουν
2054 1632 2276 1725 ἡγεῖτο
2324 1628 2566 1702 ἀδίκα-

415 1762 569 1805 στον
611 1745 967 1826 γίγνεσθαι
1008 1739 1084 1807 τὸ
1135 1744 1414 1827 πρᾶγμα
1467 1735 1611 1807 οὐδ’
1666 1740 1738 1819 ἐξ
1792 1739 2035 1830 ἐρήμης
2090 1738 2246 1817 τοὺς
2305 1738 2566 1816 παῖδας

415 1835 622 1919 εὐθὺς
666 1838 1093 1924 ἁλίσκεσθαι,
1142 1836 1309 1909 ἀλλὰ
1340 1848 1454 1911 καὶ
1487 1836 1664 1930 ῦδωρ
1698 1842 1981 1929 ἐγχεῖται
2009 1844 2119 1909 καὶ
2154 1841 2348 1927 λόγος
2381 1834 2564 1907 ἀπο-

344 1957 380 2012 9
419 1943 684 2012 δίδοται
712 1949 823 2012 καὶ
858 1940 1291 2023 ἀνεξέταστον
1323 1940 1515 2013 οὐδὲν
1544 1947 2042 2013 καταλείπεται.
2132 1951 2192 2012 9.
2232 1942 2383 2010 ἐπεὶ
2412 1948 2565 2009 τοί-

412 2072 525 2111 νυν
570 2046 713 2114 ἔστι
772 2051 892 2116 τοῦ
947 2049 1069 2131 μὲν
1126 2047 1422 2134 ἐγκαλεῖν
1479 2047 1686 2133 μόνου
1745 2046 1780 2115 ὃ
1840 2046 2065 2136 πατὴρ
2122 2046 2378 2131 κύριος,
2438 2047 2564 2111 τοῦ

409 2162 629 2233 κρῖναι
674 2150 764 2232 δέ,
821 2150 881 2217 εἰ
926 2147 1163 2237 εὔλογα
1209 2151 1545 2233 αἰτιᾶται,
1592 2147 1780 2234 ὑμεῖς
1827 2152 1890 2217 οἱ
1939 2144 2342 2229 δικάζοντες,
2395 2140 2557 2213 αὐτὸ

409 2252 530 2335 μὲν
574 2245 614 2319 ὅ
657 2280 775 2338 μοι
829 2254 1140 2343 ἐπιφέρει
1194 2259 1305 2323 καὶ
1366 2249 1478 2344 ἐφ’
1543 2249 1599 2342 ᾦ
1658 2259 1769 2321 νῦν
1828 2247 2212 2340 ἀγανακτεῖ,
2272 2251 2560 2340 μηδέπω

413 2371 756 2438 σκοπεῖτε,
814 2358 1143 2442 πρότερον
1204 2358 1276 2424 δὲ
1335 2356 1543 2425 ἐκεῖνο
1604 2356 1987 2437 ἐξετάσατε,
2050 2357 2110 2422 εἰ
2166 2355 2264 2421 ἔτι
2328 2355 2562 2421 δοτέον

413 2452 892 2549 ἀποκηρύττειν
962 2455 1140 2547 αὐτῷ
1198 2454 1388 2540 ἅπαξ
1443 2454 1937 2549 ἀποκηρύξαντι
1993 2462 2104 2526 καὶ
2158 2462 2561 2546 χρησαμένῳ

408 2565 486 2647 τῇ
551 2560 740 2647 παρὰ
803 2566 924 2630 τοῦ
991 2563 1198 2647 νόμου
1267 2561 1537 2651 ἐξουσίᾳ
1601 2566 1714 2630 καὶ
1789 2556 2367 2649 ἀποπληρώσαντι
2438 2558 2563 2647 τὴν

411 2664 740 2754 πατρικὴν
784 2666 1028 2754 ταύτην
1075 2665 1498 2746 δυναστείαν,
1559 2659 1683 2732 εἶτ’
1736 2652 1944 2743 αῦθις
1996 2658 2402 2748 ἀναλαβόντι
2444 2664 2562 2728 καὶ
2583 2673 2668 2723 167

413 2766 686 2834 λύσαντι
730 2763 1319 2856 τὴνάποκήρυξιν.
1410 2765 1533 2853 ἐγώ
1581 2768 1701 2851 μὲν
1745 2764 1871 2854 γὰρ
1926 2760 2337 2834 ἀδικώτατον
2384 2760 2564 2830 εἶναί

412 2894 588 2956 φημι
656 2869 731 2936 τὸ
805 2873 1142 2951 τοιοῦτον,
1220 2864 1637 2956 ἀπεράντους
1708 2876 2024 2955 γίνεσθαι
2088 2872 2221 2936 τῶν
2289 2866 2564 2933 παίδων

408 2969 531 3049 τὰς
586 2980 916 3059 τιμωρίας
970 2976 1081 3040 καὶ
1139 2970 1400 3050 πολλὰς
1456 2970 1578 3050 τὰς
1641 2972 2001 3049 καταδίκας
2064 2973 2176 3037 καὶ
2241 2969 2359 3036 τὸν
2427 2968 2565 3056 φό-

406 3079 527 3157 βον
574 3068 794 3142 ἀΐδιον
838 3077 947 3141 καὶ
995 3074 1110 3141 τὸν
1157 3073 1360 3157 νόμον
1409 3070 1562 3160 ἀρτι
1604 3075 1724 3157 μὲν
1783 3073 2330 3159 συνοργίζεσθαι,
2387 3069 2563 3154 μετὰ

409 3176 645 3263 μικρὸν
692 3177 764 3244 δὲ
811 3178 1098 3244 λύεσθαι
1141 3180 1253 3245 καὶ
1298 3177 1508 3243 πάλιν
1554 3173 1807 3259 ὁμοίως
1852 3175 2118 3264 ἰσχυρὸν
2177 3170 2386 3254 εἶναι,
2443 3176 2565 3240 καὶ

409 3279 581 3358 ὅλως
629 3275 766 3346 ἀνω
810 3283 921 3348 καὶ
965 3281 1143 3345 κάτω
1191 3285 1614 3366 στρέφεσθαι
1657 3277 1740 3344 τὰ
1789 3279 2016 3345 δίκαια
2063 3276 2235 3364 πρὸς
2280 3273 2356 3344 τὸ
2409 3274 2565 3342 ἐπί-

408 3407 639 3467 καιρον
707 3382 940 3449 δοκοῦν
1005 3382 1363 3467 πατράσιν.Α
1466 3376 1632 3448 ἀλλὰ
1697 3379 1773 3448 τὸ
1842 3380 1962 3464 μὲν
2030 3383 2299 3465 πρῶτον
2366 3374 2564 3457 ἀξιον

411 3483 673 3571 ἐφιέναι
717 3488 829 3552 καὶ
889 3480 1365 3570 ἀγανακτοῦντι
1425 3496 1937 3570 συναγανακτεῖν
1992 3485 2104 3550 καὶ
2157 3481 2383 3567 κύριον
2440 3484 2565 3571 τῆς

407 3593 734 3670 τιμωρίας
778 3600 1002 3654 ποιεῖν
1046 3586 1164 3654 τὸν
1205 3586 1666 3675 γεγεννηκότα,
1722 3575 1803 3675 ἢν
1861 3585 1934 3651 δὲ
1991 3584 2180 3662 ἅπαξ
2243 3578 2560 3670 ἀναλώσῃ

410 3687 529 3778 τὴν
575 3686 882 3767 ἐξουσίαν
926 3692 1034 3756 καὶ
1082 3688 1575 3777 καταχρήσηται
1626 3691 1723 3774 τῷ
1781 3686 1964 3774 νόμῳ
2020 3689 2132 3753 καὶ
2191 3684 2565 3773 ἐμπλησθῇ

409 3795 528 3879 τῆς
572 3785 787 3879 ὀργῆς,
835 3788 980 3858 εἶτα
1024 3790 1191 3876 μετὰ
1236 3796 1448 3858 ταῦτα
1495 3785 1792 3879 ἀναλάβῃ
1833 3787 2118 3879 χρηστὸν
2151 3785 2324 3856 εἶναι
2357 3814 2565 3872 μετα·

411 3900 747 3976 πεισθείς,
803 3894 918 3962 ἐπὶ
962 3894 1216 3962 τούτων
1262 3888 1506 3983 ἀνάγκη
1552 3898 1772 3977 μένειν
1817 3895 1929 3960 καὶ
1972 3899 2207 3980 μηκέτι
2249 3917 2565 3983 μεταπη-

413 3999 535 4064 δᾶν
579 3998 744 4086 μηδὲ
787 3995 1407 4082 μεταβουλεύεσθαι
1451 3997 1617 4085 μηδὲ
1674 4009 2068 4080 μεταποιεῖν
2126 3992 2245 4084 τὴν
2301 4001 2561 4081 κρίσιν·
