2800 4500
899 256 1052 310 lIEPI
1090 256 1448 310 ΟΡΧΗΣΕΩΣ.
2131 254 2249 312 141

37 465 38 468 =
122 428 267 505 τῶν,
324 420 584 507 Ἴναχος
640 429 753 493 καὶ
801 421 911 494 Ἰώ
969 429 1079 494 καὶ
1140 422 1176 494 ὅ
1239 425 1537 516 φρουρὸς
1596 420 1797 511 αὐτῆς
1840 420 2086 511 Ἄργος
2142 428 2249 492 καὶ

37 523 370 613 »ΜἈτρεύς
410 531 526 595 καὶ
576 533 873 618 Θυέστης
915 533 1027 597 καὶ
1049 524 1371 618 Ἀερόπη,
1416 532 1530 596 καὶ
1574 526 1649 595 τὸ
1695 531 1979 614 χρυσοῦν
2024 522 2254 614 ἀρνίον

37 673 38 678 1
117 632 214 697 καὶ
253 632 646 709 Πελοπείας
689 631 904 716 γάμος
945 634 1060 699 καὶ
1097 626 1594 718 Ἀγαμέμνονος
1638 628 1859 719 σφαγὴ
1918 632 2029 697 καὶ
2074 631 2253 696 Κλυ-

37 725 38 728 “
116 732 550 819 ταιμνήστρας
592 740 917 820 τιμωρία·
973 737 1085 801 καὶ
1133 734 1234 802 ἔτι
1291 732 1427 822 πρὸ
1486 732 1738 800 τούτων
1789 728 1828 819 ἦ
1887 736 2020 800 τῶν
2078 730 2249 798 ἑπτὰ

120 835 397 919 λοχαγῶν
467 843 786 922 στρατεία
852 839 967 904 καὶ
1038 833 1079 926 ἡ
1155 840 1290 905 τῶν
1366 835 1682 925 φυγάδων
1755 838 2066 921 γαμβρῶν
2135 837 2253 901 τοῦ

115 930 470 1020 Ἀδράστου
514 934 813 1026 ὑποδοχὴ
858 941 967 1007 καὶ
1015 934 1051 1008 ὅ
1100 933 1213 1005 ἐπ’
1271 932 1503 1017 αὐτοῖς
1541 936 1836 1026 χρησμὸς
1879 941 1992 1005 καὶ
2035 933 2075 1025 ἡ
2118 940 2252 1001 τῶν

37 1045 40 1088 ³
120 1039 447 1106 πεσόντων
494 1034 755 1129 ἀταφία
805 1044 918 1109 καὶ
953 1034 1346 1130 Ἀντιγόνης
1404 1038 1519 1107 διὰ
1573 1044 1785 1107 ταῦτα
1838 1041 1949 1106 καὶ
1996 1045 2253 1105 Μενοι-

117 1144 258 1219 κέως
301 1136 636 1209 ἀπώλεια.
726 1150 828 1209 44.
872 1145 985 1212 καὶ
1026 1143 1114 1210 τὰ
1159 1141 1230 1209 ἐν
1273 1148 1507 1231 Νεμέᾳ
1550 1142 1623 1209 δὲ
1671 1138 1711 1231 ἡ
1752 1139 2095 1228 Ὑψιπύλη
2140 1142 2247 1207 καὶ
2279 1141 2357 1198 44

114 1236 528 1330 Ἀρχέμορος,
620 1238 1116 1330 ἀναγκαιότατα
1189 1248 1285 1331 τῷ
1358 1237 1649 1333 ὀρχηστῇ
1721 1245 2254 1331 μνημονεύματα.

118 1347 211 1411 καὶ
251 1344 391 1431 πρὸ
441 1339 661 1412 αὐτῶν
708 1347 964 1415 ε’ίσεται
993 1345 1112 1437 τὴν
1143 1341 1420 1433 Δανάης
1448 1349 1907 1431 παρθένευσιν
1934 1348 2043 1412 καὶ
2075 1352 2256 1430 Περ-

123 1451 266 1525 σέως
319 1452 630 1535 γέννησιν
686 1452 799 1515 καὶ
854 1448 972 1516 τὸν
1029 1447 1146 1516 ἐπὶ
1211 1448 1334 1527 τὰς
1391 1448 1726 1535 Γοργόνας
1792 1433 2012 1515 ἆθλον
2076 1441 2258 1535 αύτῷ

123 1554 599 1638 προῃρημένον,
644 1543 702 1636 ᾦ
748 1550 963 1618 οἰκεία
1006 1553 1117 1617 καὶ
1163 1547 1205 1639 ἡ
1247 1548 1647 1639 Αἰθιοπικὴ
1694 1549 2026 1640 διήγησις,
2068 1557 2255 1616 Κασ-

126 1655 374 1719 σιέπεια
439 1655 555 1720 καὶ
605 1646 1025 1739 Ἀνδρομέδα
1090 1656 1203 1720 καὶ
1264 1652 1567 1741 Κηφεύς,
1636 1650 1751 1731 οὓς
1803 1656 1917 1721 καὶ
1983 1647 2257 1738 ἄστροις

126 1749 516 1837 ἐγκατέλεξεν
560 1751 601 1844 ἡ
645 1758 782 1823 τῶν
825 1754 995 1839 μετὰ
1035 1758 1247 1821 ταῦτα
1277 1761 1532 1831 πίστις.
1617 1748 1884 1822 κάκεῖνα
1916 1755 1988 1821 δὲ
2018 1753 2103 1821 τὰ
2133 1748 2255 1839 ἆρ-

120 1870 252 1935 χαῖα
293 1856 386 1923 τὰ
416 1857 780 1943 Αἰγύπτου
821 1860 937 1925 καὶ
978 1861 1254 1924 Δαναοῦ
1299 1857 1556 1924 εἵσεται
1597 1860 1709 1925 καὶ
1753 1856 1873 1943 τὴν
1917 1854 2257 1923 ἐπιθαλά-

123 1983 252 2038 μιον
317 1959 705 2047 ἐπιβουλήν.
809 1967 912 2027 45.
970 1954 1088 2026 ούκ
1152 1953 1345 2045 ὀλίγα
1415 1960 1487 2026 δὲ
1543 1962 1657 2027 καὶ
1712 1955 1751 2045 ἡ
1797 1960 2253 2044 Λακεδαίμων
2283 1974 2359 2030 45

122 2065 384 2128 τοιαῦτα
427 2067 815 2146 παρέχεται,
861 2060 980 2129 τὸν
1019 2058 1383 2129 (Υάκινθον
1427 2063 1541 2129 καὶ
1584 2060 1703 2128 τὸν
1744 2065 1865 2128 τοῦ
1900 2055 2256 2128 Ἀπόλλω-

37 2213 38 2220 1
125 2186 219 2240 νος
255 2157 669 2254 ἀντεραστὴν
699 2168 1008 2254 Ζέφυρον
1050 2166 1164 2231 καὶ
1206 2163 1329 2254 τὴν
1370 2160 1507 2231 ὖπὸ
1554 2166 1653 2251 τῷ
1698 2163 1904 2252 δίσκῳ
1946 2166 2065 2229 τοῦ
2107 2188 2255 2247 μει-

123 2273 332 2349 ρακίου
382 2266 648 2356 σφαγὴν
689 2271 802 2334 καὶ
847 2267 925 2335 τὸ
973 2266 1042 2334 ἐκ
1084 2272 1206 2335 τοῦ
1250 2269 1539 2352 αἵματος
1584 2263 1799 2345 ἄνθος
1851 2269 1964 2333 καὶ
2022 2266 2141 2354 τὴν
2185 2265 2254 2335 ἐν

126 2362 284 2455 αύτῷ
330 2369 699 2449 αἰάζουσαν
742 2369 1156 2458 ἐπιγραφήν,
1212 2374 1323 2437 καὶ
1379 2368 1500 2460 τὴν
1554 2369 1905 2456 Τυνδάρεω
1962 2364 2255 2437 ἇνάστα·

39 2468 108 2531 3‘295
124 2492 213 2536 σιν
252 2475 365 2538 καὶ
409 2471 531 2561 τὴν
574 2471 749 2549 Διὸς
790 2472 908 2540 ἐπὶ
953 2472 1170 2558 τούτῳ
1213 2466 1363 2540 κατ’
1408 2467 1824 2560 Ἀσκληπιοῦ
1867 2466 2096 2562 ὀργήν·
2154 2472 2255 2541 ἔτι

39 2660 40 2667 ¹
123 2571 181 2638 δὲ
230 2578 339 2641 καὶ
400 2572 520 2641 τὸν
572 2574 877 2661 Πάριδος
934 2575 1243 2660 ξενισμὸν
1297 2578 1411 2643 καὶ
1464 2575 1587 2665 τὴν
1624 2571 1889 2664 Ἑλένης
1946 2572 2253 2666 ἁρπαγὴν

122 2675 267 2755 μετά
326 2674 451 2762 τὴν
511 2675 629 2744 ἐπὶ
685 2680 785 2763 τῷ
839 2677 1030 2767 μήλῳ
1083 2683 1322 2764 κρίσιν.
1422 2683 1526 2746 46.
1584 2683 1933 2762 νομιστέον
1986 2678 2112 2765 γὰρ
2168 2682 2253 2768 τῇ
2280 2692 2356 2749 46

125 2781 567 2877 Σπαρτιατικῇ
614 2779 882 2868 ἱστορίᾳ
922 2784 1034 2848 καὶ
1078 2780 1199 2865 τὴν
1235 2774 1530 2869 Ἰλιακὴν
1575 2784 1945 2869 συνῆφθαι,
1996 2781 2254 2872 πολλὴν

126 2877 309 2948 οὖσαν
335 2884 451 2948 καὶ
485 2883 1072 2968 πολυπρόσωπον·
1119 2920 1204 2931 -
1247 2877 1402 2948 καθ’
1441 2882 1716 2950 ἕκαστον
1745 2887 1903 2969 γοῦν
1945 2888 2079 2950 τῶν
2123 2883 2256 2952 ἐκεῖ

126 2982 454 3052 πεσόντων
485 2984 712 3070 δρᾶμα
740 2988 824 3071 τῇ
853 2989 1056 3074 σκηνῇ
1088 2984 1477 3071 πρόκειται·
1508 3022 1592 3033 -
1622 2989 1732 3052 καὶ
1761 2990 2151 3074 μεμνῆσθαι
2182 2988 2254 3054 δὲ

125 3079 354 3152 τούτων
399 3080 541 3167 ἆεί,
605 3085 907 3171 μάλιστα
951 3081 1089 3155 ἀπὸ
1135 3090 1257 3173 τῆς
1300 3082 1607 3177 ἁρπαγῆς
1650 3086 1856 3166 εὐθὺς
1912 3083 2065 3175 ἄχρι
2119 3093 2252 3156 τῶν

126 3182 182 3250 ἐν
218 3201 358 3266 τοῖς
403 3187 672 3266 νόστοις
713 3193 1162 3278 γεγενημένων
1203 3192 1316 3256 καὶ
1359 3193 1480 3278 τῆς
1508 3188 1794 3256 Αἰνείου
1839 3189 2100 3278 πλάνης
2141 3195 2250 3259 καὶ

41 3346 42 3381 3
127 3289 355 3368 Διδοῦς
398 3289 682 3376 ἔρωτος,
741 3285 836 3357 ὦν
879 3286 997 3358 οὗκ
1040 3285 1365 3377 ἀλλότρια
1406 3293 1520 3358 καὶ
1570 3290 1655 3358 τὰ
1701 3293 1857 3377 περὶ
1903 3290 2020 3359 τὸν
2056 3286 2252 3376 Ὀρέ-

41 3384 42 3387 '
127 3411 269 3478 στην
311 3391 624 3479 δράματα
665 3396 779 3461 καὶ
820 3393 907 3459 τὰ
967 3391 1039 3460 ἐν
1082 3399 1346 3482 Σκυθίᾳ
1398 3397 1497 3479 τῷ
1552 3385 1724 3483 ἥρωϊ
1778 3395 2251 3482 τετολμημένα.

126 3485 228 3556 οὐκ
271 3486 512 3581 ἀπῳδὰ
559 3493 634 3560 δὲ
677 3497 790 3562 καὶ
846 3494 931 3561 τὰ
990 3493 1125 3580 πρὸ
1183 3495 1472 3581 τούτων,
1530 3489 1701 3561 ἀλλὰ
1758 3508 1902 3573 τοῖς
1932 3485 2254 3578 Ἰλιακοῖς

126 3598 395 3683 συγγενῆ,
434 3589 801 3679 Ἀχιλλέως
844 3595 914 3663 ἐν
949 3597 1179 3684 Σκύρῳ
1224 3601 1679 3683 παρθένευσις
1720 3599 1831 3664 καὶ
1870 3589 2255 3680 Ὀδυσσέως

127 3701 315 3774 μανία
353 3699 464 3764 καὶ
516 3699 932 3787 Φιλοκτήτου
977 3698 1250 3788 ἐρημία,
1304 3701 1418 3767 καὶ
1464 3692 1636 3777 ὅλως
1678 3695 1715 3786 ἡ
1779 3703 1971 3767 πᾶσα
2007 3694 2253 3769 Ὀδύσ·

130 3817 293 3874 σειος
331 3799 551 3887 πλάνη
596 3803 711 3868 καὶ
757 3807 968 3890 Κίρκη
1013 3804 1121 3869 καὶ
1178 3803 1542 3890 Τηλέγονος
1583 3805 1694 3869 καὶ
1736 3798 2073 3888 ἧΑἰόλου
2116 3808 2252 3871 τῶν

132 3889 369 3980 ἀνέμων
413 3901 772 3969 δυναστεία
814 3907 926 3970 καὶ
981 3901 1066 3969 τὰ
1126 3899 1299 3970 ἄλλα
1352 3908 1546 3988 μέχρι
1596 3907 1713 3992 τῆς
1769 3907 1905 3969 τῶν
1958 3906 2250 3995 μνηστή-

131 4022 254 4081 ρων
290 4008 641 4086 τιμωρίας·
686 4008 800 4072 καὶ
844 4003 977 4090 πρὸ
1026 4005 1281 4071 τούτων
1322 4002 1361 4091 ἡ
1408 4003 1578 4071 κατὰ
1609 4005 2062 4094 Παλαμήδους
2098 4006 2252 4076 ἐπι-
