2800 4500
355 708 418 762 17

341 2335 414 2390 18

342 2945 412 3000 19

447 214 477 270 1
487 214 523 272 Ο
1051 260 1060 267 .
1356 217 1730 270 ΔΟΥΚΙΑΝΟΥ

442 384 738 474 ἰητρικὴν
779 386 899 469 μὲν
946 388 1151 471 λέγων
1195 389 1305 452 καὶ
1352 392 1592 475 πείρην
1636 390 1746 453 καὶ
1793 384 2001 454 ὁκόσα
2044 393 2155 456 καὶ
2201 393 2463 470 νοῦσοι,
2508 391 2601 456 τὰ

443 481 506 554 δ’
560 483 729 554 ἄλλα
773 484 1134 571 ὁμοδίαιτα
1194 502 1337 565 τοῖς
1394 490 1676 567 πολλοῖς
1732 491 1843 556 καὶ
1887 489 1972 555 τὰ
2033 491 2321 557 πλεῖστα
2367 489 2482 557 οἶα
2527 489 2603 556 ἐκ

439 588 729 675 τριόδου.

616 699 714 758 17.
763 691 845 757 Εἰ
892 691 964 757 δέ
1006 717 1091 775 με
1149 692 1252 759 δεῖ
1292 695 1412 759 καὶ·
1463 696 1681 781 σοφοῦ
1738 686 1979 779 ἀνδρὸς
2033 695 2452 781 μνησθῆναι,
2516 690 2597 758 τὸ

439 793 560 877 μὲν
605 788 818 877 ὄνομα
865 792 932 859 ἐν
981 788 1230 882 άφανεῖ
1270 800 1549 876 κείσθω,
1596 794 1714 883 τὴν
1757 796 2022 882 γνώμην
2069 796 2141 862 δὲ
2187 794 2317 881 ἐρῶ
2360 792 2600 861 καὶτὰ

439 893 673 983 πρῴην
720 894 787 961 ἐν
834 901 1156 982 Κορίνθῳ
1217 897 1725 983 συγγράμματα,
1783 904 2059 982 κρείττω
2116 895 2341 984 πάσης
2399 894 2600 962 ἐλπί-

441 997 586 1075 δος·
636 995 703 1063 ἐν
750 991 912 1084 άρχῇ
955 998 1075 1081 μὲν
1119 996 1244 1084 γὰρ
1291 992 1497 1076 εὐθὺς
1543 997 1610 1065 ἐν
1654 1003 1737 1087 τῇ
1781 1000 2014 1088 πρώτῃ
2057 1002 2178 1065 τοῦ
2230 994 2695 1084 προοιμίου26

440 1098 738 1185 περιόδῳ
788 1099 1206 1188 συνηρώτησε
1262 1100 1419 1177 τοὺς
1476 1096 2047 1187 ἀναγινώσκοντας
2093 1100 2286 1185 λόγον
2333 1100 2600 1166 πάνσο-

440 1225 570 1288 φον
617 1199 832 1278 δεῖξαι
878 1201 1205 1283 σπεύδων,
1253 1199 1342 1280 ὥς
1386 1203 1574 1290 μόνῳ
1607 1194 1687 1269 ἂν
1724 1206 1820 1288 τῷ
1866 1205 2062 1289 σοφῷ
2105 1205 2363 1285 πρέποι
2412 1201 2600 1266 ἴστο-

440 1310 591 1389 ρίαν
638 1302 1060 1391 συγγράφειν.
1153 1299 1297 1369 εἶτα
1353 1305 1521 1386 μετὰ
1577 1304 1814 1392 μικρὸν
1873 1300 2072 1381 ἄλλος
2130 1303 2596 1387 συλλογισμός,

441 1402 584 1472 εἶτα
631 1399 860 1482 ἄλλος·
907 1406 1019 1470 καὶ
1064 1398 1236 1482 ὅλως
1269 1404 1335 1471 έν
1373 1398 1624 1472 ἅπαντι
1671 1406 1955 1495 σχήματι
2002 1403 2425 1493 συνηρώτητο
2474 1397 2598 1469 αὖ·

437 1510 534 1593 τῷ
576 1506 652 1574 τὸ
703 1511 1084 1593 προοίμιον.
1173 1505 1247 1571 τὸ
1297 1510 1416 1592 τῆς
1459 1507 1807 1585 κολακείας
1853 1506 1919 1586 ἒς
1963 1506 2179 1590 κόρον,
2226 1505 2454 1573 καὶτὰ
2489 1504 2597 1590 ἐγ·-

437 1609 655 1692 κώμια
702 1606 988 1694 φορτικὰ
1033 1609 1145 1673 καὶ
1190 1607 1432 1695 κομιδῇ
1471 1609 1928 1692 βωμολοχικά,
1982 1603 2097 1675 οὗκ
2145 1602 2598 1693 ἀσυλλόγιστα

436 1713 697 1792 μέντοι,
768 1702 938 1774 ἀλλὰ
1007 1712 1515 1797 συνηρωτημένα
1580 1702 1864 1777 κάκεῖνα.
1964 1712 2073 1776 καὶ
2132 1710 2263 1798 μὴν
2311 1703 2596 1777 ’κᾶκεῑνο

439 1807 756 1898 φορτικὸν
811 1809 996 1887 ἔδοξέ
1037 1835 1157 1893 μοι
1202 1812 1311 1876 καὶ
1368 1803 1608 1897 ἥκιστα
1667 1814 1861 1898 σοφῷ
1918 1804 2109 1898 άνδρὶ
2155 1813 2267 1877 καὶ
2315 1810 2597 1896 πώγωνι

441 1913 664 1998 πολιῷ
707 1913 816 1977 καὶ
861 1917 1072 1997 βαθεῖ
1115 1916 1398 1997 πρέπον,
1445 1910 1520 1978 τὸ
1570 1911 1637 1978 ἐν
1680 1916 1778 1997 τῷ
1823 1919 2164 2000 προοιμίῳ
2213 1912 2450 1994 εἰπεῖν,
2499 1909 2597 1990 ὥς

439 2012 776 2098 ἐξαίρετον
820 2016 1017 2078 τοῦτο
1065 2008 1260 2090 ε’ξει(
1225 2038 1259 2078 ο
1296 2009 1615 2099 ἡμέτερος
1662 2009 1897 2099 α’ρχων,
1946 2040 2020 2080 ου
2051 2040 2125 2100 γε
2158 2013 2280 2091 τὰς
2310 2013 2598 2099 πράξεις

437 2119 547 2182 καὶ
595 2115 969 2238 φιλόσοφοι
1013 2109 1137 2202 ἤδη
1186 2115 1587 2234 συγγράφειν
1634 2110 1929 2193 αξιοῦσι·
1975 2114 2049 2182 τὸ
2094 2114 2218 2201 γὰρ
2262 2140 2594 2192 τοιουτον,
2687 2170 2696 2178 .

433 2219 624 2305 είπερ
657 2242 807 2302 αρα,
838 2213 996 2306 ἡμῖν
1030 2241 1303 2300 αμεινον
1334 2243 1413 2306 ην
1446 2219 1532 2299 (†)
1561 2220 1955 2285 καταλιπεῖν
1988 2207 2446 2304 λογίζεσθαι”
2405 2244 2442 2304 η
2472 2243 2595 2284 αυ-

433 2319 549 2388 τὸν
597 2320 831 2386 εἰπεῖν.
927 2324 1035 2387 18.
1070 2323 1182 2387 καὶ
1211 2318 1340 2408 μὴν
1375 2312 1522 2385 οὐδ’
1575 2319 1822 2386 ἐκείνου
1867 2313 2056 2387 όσιον
2102 2314 2593 2407 ἀμνημονῆσαι,

430 2420 506 2500 ὂς
535 2416 871 2489 τοιάνδε’
835 2420 1037 2509 αρχὴν
1081 2417 1361 2509 ηρξατο·
1409 2416 1762 2506 ,,’Ἐρχομαι
1808 2421 2007 2506 ἐρέων
2039 2425 2196 2506 περὶ
2237 2418 2594 2504 Ῥωμαίων

338 2575 347 2580 «
427 2528 538 2591 καὶ
593 2528 975 2610 Περσέων,“
1029 2525 1138 2589 καὶ
1195 2520 1432 2609 μικρὸν
1488 2515 1795 2607 ὕστερον·
1855 2523 2041 2605 ,,ἔδεε
2098 2522 2223 2610 γὰρ
2282 2529 2596 2611 Πέρσῃσι

428 2630 752 2712 γενέσθαι
793 2628 1070 2705 κακῶςζζ,
1122 2627 1236 2690 καὶ
1282 2622 1524 2691 πάλιν·
1585 2611 1703 2708 ,,ἦν
1739 2618 2035 2712 Ὀσρόης,
2081 2624 2198 2692 τὸν
2246 2626 2310 2691 οἱ
2342 2618 2592 2713 “qu-

430 2752 534 2804 νες
557 2722 870 2814 Ὀξυρόην
916 2720 1367 2808 ὂνυμέουσινᾞ
1416 2728 1528 2793 καὶ
1561 2722 1731 2815 α’λλα
1761 2727 1982 2794 πολλὰ
2027 2730 2328 2792 τοιαῦτα.
2405 2724 2594 2816 ὁρᾷς,
2621 2741 2677 2790 27

429 2821 664 2912 όμοιος
710 2822 910 2906 αυτὸς
956 2828 1213 2913 ἐκείνῳ,
1275 2822 1442 2912 παρ’
1495 2820 1655 2894 όσον
1701 2825 1735 2895 o‘
1782 2828 1902 2912 μὲν
1953 2828 2343 2914 Θουκυδίδῃ,
2392 2823 2594 2907 οὗτος

435 2930 505 2996 δὲ
544 2924 892 3016 ςΗροδότῳ
940 2928 1009 2995 εύ
1040 2929 1222 3013 μάλα
1269 2928 1476 3015 ἐῴκει.
1573 2934 1670 2995 19.
1719 2925 1921 3007 αλλος
1964 2953 2066 3008 τις
2112 2923 2424 3012 αοίδιμος
2472 2929 2591 2997 επὶ

430 3030 642 3117 λόγων
689 3031 964 3115 δυνάμει
1000 3030 1369 3118 Θουκυδίδῃ
1416 3034 1528 3098 καὶ
1563 3025 1762 3108 αὐτὸς
1806 3024 2039 3114 όμοιος
2068 3021 2109 3117 ἢ
2141 3024 2345 3116 ολίγῳ
2391 3024 2592 3114 ἀμεί-

429 3158 558 3199 νων
606 3125 841 3213 αυτοῦ,
901 3133 1130 3210 πάσας
1174 3132 1412 3209 πόλεις
1470 3135 1582 3199 καὶ
1626 3131 1851 3197 πάντα
1896 3127 2015 3221 ὄρη
2060 3134 2174 3197 καὶ
2219 3132 2429 3198 πεδία
2473 3136 2590 3200 καὶ

429 3233 777 3318 ποταμούς
835 3233 1240 3321 ἑρμηνεύσας
1296 3232 1471 3320 πρὸς
1527 3231 1602 3299 τὸ
1631 3241 1636 3246 ’
1667 3238 2090 3321 σαφέστατον
2145 3235 2256 3299 καὶ
2316 3233 2590 3322 ἰσχυρά-

426 3362 647 3418 τατον,
695 3332 787 3414 ὥς
833 3333 1035 3422 ᾤετο·
1080 3334 1157 3401 τὸ
1208 3335 1280 3401 δὲ
1326 3334 1423 3412 εἷς
1467 3332 1728 3419 ἐχθρῶν
1771 3332 2068 3421 κεφαλὰς
2112 3330 2147 3400 ὁ
2197 3327 2591 3415 ἀλεξίκακος

427 3443 733 3526 τρέψειε·
781 3437 1070 3526 τοσαύτη
1118 3436 1456 3524 ψυχρότης
1502 3434 1650 3519 ἐνῆν
1692 3430 1863 3518 ὑπὲρ
1908 3433 2028 3523 τὴν
2073 3441 2396 3502 Κασπίαν
2437 3438 2588 3519 χιό-

430 3568 509 3607 να
569 3544 681 3607 καὶ
735 3539 852 3606 τὸν
910 3539 1319 3620 κρύσταλλον
1375 3536 1494 3603 τὸν
1540 3534 1880 3602 Κελτικόν.
1972 3532 2009 3622 ἡ
2071 3540 2226 3621 γοῦν
2287 3531 2500 3615 άσπὶς
2546 3535 2585 3625 ἡ

425 3645 546 3709 τοῦ
593 3636 1079 3728 αὐτοκράτορος
1135 3633 1270 3725 ὅλῳ
1326 3639 1570 3722 βιβλίῳ
1615 3634 1808 3720 μόγις
1867 3633 2320 3726 ἐξηρμηνεύθη
2380 3632 2585 3725 αὐτῷ,

425 3748 533 3812 καὶ
585 3742 853 3829 Γοργὼν
899 3743 1017 3810 ἐπὶ
1061 3743 1177 3807 τοῦ
1234 3733 1546 3826 ὀμφαλοῦ
1589 3740 1700 3804 καὶ
1750 3737 1814 3802 οἱ
1860 3729 2220 3823 ὀφθαλμοὶ
2267 3732 2470 3828 αὐτῆς
2518 3739 2587 3807 ἐκ

427 3849 668 3912 κυανοῦ
723 3848 836 3911 καὶ
894 3845 1124 3909 λευκοῦ
1179 3843 1290 3907 καὶ
1348 3841 1633 3923 μέλανος
1691 3840 1802 3904 καὶ
1862 3837 2029 3926 ζώνη
2093 3838 2414 3928 ἰριοειδὴς
2472 3846 2583 3909 καὶ

429 3947 782 4032 δράκοντες
826 3941 1127 4029 ἑλικηδὸν
1185 3944 1297 4007 καὶ
1340 3940 1806 4027 βοστρυχηδόν.
1896 3935 1934 4026 ἡ
1982 3939 2102 4022 μὲν
2146 3941 2269 4027 γὰρ
2326 3936 2586 4009 Οὐολο-
