2800 4500
901 270 981 323 ΤΥ
984 268 1482 324 ΡᾸΝΝΟΚΤΟΝΟΣ.
2188 267 2219 327 7
2231 267 2270 326 3

171 431 347 524 φόνον
395 436 575 515 τινὸς
633 436 1057 524 ἐργάσασθαι
1113 443 1247 504 τῶν
1303 442 1423 505 τοῦ
1480 438 1801 524 τυράννου
1850 439 2104 526 φίλων,·
2159 442 2272 505 νῦν

172 538 230 605 δὲ
263 541 362 605 καὶ
403 539 520 607 τὸν
562 545 1059 628 πεφονευμένον
1119 535 1320 608 αὐτὸν
1379 540 1501 607 ἰδέ.
1591 540 1736 620 υἱὸς
1793 526 1873 626 ἠν
1928 539 2270 627 τυράννου,

167 644 382 726 μᾶλλον
425 642 497 708 δὲ
539 641 854 731 τύραννος
892 643 1359 728 χαλεπώτερος
1413 646 1527 710 καὶ
1582 642 1915 731 δεσπότης
1974 636 2272 728 ἀπαραί-

165 743 478 832 τητότερος
520 747 627 812 καὶ
660 746 988 830 κολαστὴς
1016 739 1356 830 ὠμότερος
1384 748 1498 812 καὶ
1528 740 1845 834 ὑβριστὴς
1872 744 2271 830 βιαιότερος,

164 844 221 911 τὸ
263 846 327 913 δὲ
365 851 708 933 μέγιστον,
763 841 1168 935 κληρονόμος
1211 851 1343 912 τῶν
1395 839 1572 913 ὅλων
1628 849 1741 913 καὶ
1798 845 2108 928 διάδοχος
2162 848 2275 911 καὶ

165 945 256 1014 ἐπὶ
296 948 461 1015 πολὺ
508 964 914 1037 παρατεῖναι
955 949 1041 1016 τὰ
1084 953 1202 1038 τῆς
1244 945 1571 1038 ἡμετέρας
1608 953 1960 1037 συμφορᾶς
1991 946 2274 1032 δυνάμε-

166 1075 270 1128 νος.
358 1058 452 1118 17.
497 1051 730 1138 βούλει
772 1056 969 1118 τοῦτο
1012 1051 1219 1136 μόνον
1263 1055 1669 1139 πεπρᾶχθαί
1712 1077 1849 1136 μοι,
1899 1051 2010 1136 ζῆν
2056 1050 2128 1117 δὲ
2174 1049 2276 1117 ἔτι
2305 1067 2373 1122 17

162 1151 255 1219 τὸν
292 1154 607 1243 τύραννον
652 1154 1188 1242 διαπεφευγότα;
1239 1160 1436 1241 γέρας
1481 1153 1558 1240 δὴ
1608 1154 1726 1222 ἐπὶ
1776 1154 2041 1233 τούτοις
2087 1153 2271 1219 αἰτῶ.

165 1262 219 1322 τί
253 1263 442 1344 φατέ;
506 1251 584 1323 ού
640 1257 921 1340 δώσετε,·
978 1251 1121 1340 ούχὶ
1177 1252 1476 1325 κάκεῖνον
1535 1253 1979 1345 ὖφεωρᾶσθε;
2034 1251 2109 1323 οὗ
2170 1257 2278 1323 δε-

93 1358 420 1448 mvndvm
477 1354 557 1428 οὗ
601 1360 807 1447 βαρύς
822 1390 844 1443 ,·
900 1354 1016 1427 οὒκ
1061 1354 1403 1449 ἀφόρητος
1444 1346 1560 1448 ἠνς
1617 1363 1731 1427 νῦν
1777 1360 1849 1426 δὲ
1891 1363 2004 1428 καὶ
2048 1359 2124 1426 τὸ
2172 1385 2279 1427 κε-

163 1460 419 1545 φάλαιον
466 1456 630 1530 αὐτὸ
679 1462 1064 1549 ἐννοήσατε·
1112 1462 1148 1530 ὃ
1179 1462 1306 1549 γὰρ
1340 1457 1533 1542 οὗτος
1567 1457 1848 1531 ἀπαιτεῖ
1875 1456 2042 1548 παρ>
2095 1461 2277 1545 ἐμοῦ,

162 1567 354 1645 τοῦτο,
411 1562 503 1644 ὥς
564 1564 746 1656 ἐνῆν,
808 1561 1051 1653 ι’ἷριστα
1111 1566 1575 1654 διεπραξάμην
1631 1570 1742 1634 καὶ
1800 1565 1917 1633 τὸν
1959 1565 2279 1652 τύραννον

163 1663 488 1736 ἀπέκτεινα
537 1668 741 1789 ετέρῳ
787 1668 996 1757 φόνῳ,
1044 1662 1159 1751 οὐχ
1206 1664 1442 1749 ἅπλῶς
1485 1664 1637 1736 οὐδὲ
1668 1671 1888 1756 πληγῇ
1916 1672 2061 1756 μιᾷ,
2108 1661 2278 1751 όπερ

164 1761 601 1838 εὐκταιότατον
643 1757 725 1860 ἠν
772 1765 951 1857 αύτιῦ
997 1770 1116 1838 επὶ
1159 1772 1576 1861 τηλικούτοις
1622 1765 2058 1857 ἀδικήμασιν,
2108 1764 2279 1836 ἀλλὰ

165 1872 307 1961 λύπῃ
351 1880 866 1961 προβασανίσας
909 1875 1130 1962 πολλῇ
1174 1878 1284 1942 καὶ
1340 1873 1409 1941 ἐν
1468 1868 1861 1962 ὀφθαλμοῖς
1919 1873 2141 1952 δείξας
2195 1873 2280 1939 τὰ

164 1977 422 2060 φίλτατα
468 1976 749 2061 οἰκτρῶς
794 1983 1216 2062 προκείμενα,
1262 1975 1412 2043 υἱὸν
1457 1975 1525 2042 ἐν
1568 1972 1826 2065 ἡλικίᾳ,
1890 1975 1950 2042 εἰ
1993 1980 2107 2043 καὶ
2151 2001 2281 2042 πο-

164 2078 356 2164 νηρόν,
426 2072 583 2145 ἀλλ’
660 2066 774 2145 ούν
827 2082 940 2146 καὶ
1001 2073 1378 2163 ἀκμάζοντα
1434 2081 1545 2145 καὶ
1603 2078 1840 2162 δ’μοιον
1895 2082 1992 2165 τῷ
2047 2084 2280 2167 πατρί,

168 2180 415 2266 αἵματος
459 2185 577 2250 καὶ
615 2181 868 2269 λύθρου
900 2180 1478 2270 ἐμπεπλησμένον.
1567 2175 1756 2249 ταῦτ’
1795 2180 1940 2249 ἔστι
1969 2186 2283 2266 πατέρων

167 2283 232 2348 τὰ
278 2286 652 2370 τραύματα,
711 2289 924 2351 ταῦτα
984 2285 1144 2374 ξίφη
1205 2285 1481 2352 δικαίων
1537 2284 2101 2371 τυραννοκτόνων,
2170 2279 2283 2352 οὗ-

166 2411 258 2464 τος
295 2389 598 2464 θάνατος
641 2384 829 2466 ἄξιος
872 2381 1072 2472 ὠμῶν
1122 2386 1492 2473 τυράννων,
1553 2380 1715 2475 αὕτη
1774 2393 2068 2472 τιμωρία
2125 2392 2289 2476 πρέ-

166 2513 360 2556 πουσα
386 2489 741 2567 τοσούτοις
771 2484 1166 2578 ἀδικήμασι·
1213 2489 1289 2556 τὸ
1324 2483 1381 2555 δ’
1421 2482 1626 2567 εὐθὺς
1658 2484 2059 2568 ἀποθανεῖν,
2105 2488 2179 2555 τὸ
2228 2483 2285 2555 δ’

169 2583 343 2670 εὐθὺς
366 2588 713 2681 ἀγνοῆσαι,
738 2590 814 2659 τὸ
843 2592 916 2658 δὲ
937 2592 1143 2681 μηδὲν
1165 2596 1432 2659 τοιοῦτο
1456 2598 1692 2676 θέαμα
1718 2591 1904 2674 ἰδεῖν,
1938 2586 2130 2659 οὐδὲν
2154 2592 2286 2675 ἔχει

166 2699 526 2783 τυραννικῆς
568 2695 905 2773 κολάσεως
949 2690 1158 2773 ἄξιον.
1254 2699 1353 2763 18.
1399 2689 1476 2762 ού
1520 2694 1646 2781 γὰρ
1703 2689 2012 2782 ἠγνόουν,
2071 2681 2124 2761 ὦ
2170 2690 2282 2763 οὗ·
2311 2709 2382 2764 18

167 2820 288 2877 τος,
347 2793 465 2865 οὔκ
509 2792 819 2886 ἠγνόουν,
881 2792 1033 2864 οὐδὲ
1076 2802 1208 2864 τῶν
1255 2793 1476 2864 ἄλλων
1522 2792 1772 2879 ούδείς,
1830 2795 1994 2886 ὅσην
2047 2798 2291 2879 ἐκεῖνος

169 2892 401 2967 εὔνοιαν
449 2899 628 2986 πρὸς
670 2900 788 2978 τὸν
833 2898 981 2969 υἱὸν
1027 2897 1160 2984 εἶχε
1205 2904 1315 2968 καὶ
1361 2896 1453 2980 ὥς
1498 2894 1612 2966 ούκ
1659 2890 1739 2966 ὅῖν
1795 2893 2081 2989 ἠξίωσεν
2141 2901 2294 2969 ἑπι-

167 3004 382 3081 βιῶναι
428 2996 575 3070 οὐδ’
629 2996 852 3089 ὀλίγον
899 2996 1081 3089 αύτῷ
1119 3002 1391 3091 χρόνον·
1453 3002 1704 3079 πάντες
1747 3002 1868 3084 μὲν
1911 3001 2038 3089 γὰρ
2082 3008 2293 3069 πατέ-

169 3126 259 3187 ρες
297 3105 461 3185 ἰ’σως
508 3104 682 3191 πρὸς
724 3103 879 3183 τοὺς
923 3106 1176 3182 παῖδας
1220 3108 1538 3172 τοιοῦτοι.
1629 3100 1664 3171 0‘
1714 3104 1786 3170 δὲ
1830 3108 1942 3172 καὶ
1978 3104 2294 3189 περιττό-

100 3207 333 3290 Ῑδδτερόν
375 3234 445 3274 τι
489 3211 622 3274 τῶν
669 3202 885 3273 ἄλλων
931 3203 1130 3290 εἶχεν,
1191 3206 1494 3288 εἰκότως,
1554 3203 1730 3294 ὁρῶν
1780 3207 1985 3291 μόνον
2046 3205 2293 3273 ἐκεῖνον

166 3308 472 3394 κηδεμόνα
516 3313 624 3376 καὶ
673 3308 938 3397 φύλακα
981 3312 1100 3397 τῆς
1142 3309 1532 3396 τυραννίδος
1586 3314 1699 3378 καὶ
1754 3308 1961 3393 μόνον
2019 3332 2295 3394 προκιν-

172 3408 500 3479 δυνεύοντα
543 3415 663 3478 τοῦ
706 3410 966 3495 πατρὸς
1007 3414 1119 3478 καὶ
1163 3411 1282 3497 τὴν
1328 3406 1707 3499 ἀσφάλειαν
1750 3415 1834 3499 τῇ
1869 3405 2035 3500 ἀρχῇ
2080 3436 2294 3497 παρε-

168 3509 439 3594 χόμενον.
530 3506 701 3580 ὥστε
748 3513 807 3579 εἰ
850 3516 963 3580 καὶ
1005 3512 1096 3601 μὴ
1142 3512 1255 3579 διὰ
1302 3512 1422 3602 τὴν
1470 3508 1751 3592 εὔνοιαν,
1800 3507 1968 3580 ἀλλὰ
2018 3513 2132 3581 διὰ
2175 3515 2295 3604 τὴν

173 3605 532 3701 ἇπόγνωσιν
606 3610 810 3694 εὐθὺς
881 3609 1272 3704 ἠπιστάμην
1343 3614 1832 3703 τεθνηξόμενον
1907 3609 2110 3684 αὐτὸν
2182 3621 2290 3685 καὶ

175 3713 573 3802 λογιούμενον
638 3713 730 3795 ὥς
796 3712 985 3784 οὐδὲν
1053 3717 1154 3785 ἔτι
1208 3722 1328 3784 τοῦ
1387 3718 1500 3806 ζῆν
1557 3712 1804 3805 ὄφελος
1860 3725 1976 3807 τῆς
2043 3718 2112 3785 ἐκ
2177 3722 2295 3785 τοῦ

175 3819 400 3897 παιδὸς
463 3814 839 3909 ἀσφαλείας
901 3825 1390 3909 καθῃρημένης.
1496 3819 1766 3887 ἅπαντα
1830 3827 2055 3889 τοίνυν
2115 3813 2295 3906 αὐτῷ

178 3911 381 4006 ἇθρόα
421 3927 866 4009 περιέστησα,
914 3921 1032 4011 τὴν
1078 3922 1313 4010 φύσιν,
1358 3922 1478 4012 τὴν
1525 3922 1770 4012 λύπην,
1817 3921 1937 4011 τὴν
1983 3916 2295 4007 ἀπόγνω-

181 4042 298 4104 σιν,
373 4024 483 4093 τὸν
553 4023 798 4113 φόβον,
868 4024 969 4102 οἶς
1034 4028 1192 4109 περὶ
1257 4028 1390 4091 τῶν
1457 4025 1835 4109 μελλόντων
1909 4018 2018 4090 ἐπ’
2094 4017 2295 4091 αὐτὸν
