2800 4500
389 254 469 313 22
1274 256 1648 310 ΑΟΥΚΙΑΝΟΥ

386 451 508 491 ταν
554 425 972 507 παρατάξεσι
1018 428 1128 490 καὶ
1171 425 1419 508 μάχαις
1448 429 1556 491 καὶ
1606 432 2002 508 ναυμαχίαις
2050 427 2554 513 συμπλέκηται·

388 527 610 616 δεήσει
669 526 793 613 γὰρ
850 527 1006 593 τότε
1063 531 1417 614 ποιητικοῦ
1472 552 1656 605 τινος
1713 525 1955 611 ἀνέμου
2016 521 2555 612 ἐπουριάσοντος

384 628 468 694 τὰ
517 622 759 696 ἀκάτια
802 631 912 695 καὶ
960 629 1456 750 συνδιοίσοντος
1508 625 1772 747 υψηλὴν
1815 631 1925 695 καὶ
1973 623 2086 694 ἐπ’
2142 624 2362 714 άκρων
2406 632 2552 694 τῶν

328 750 331 753 ’
382 730 691 813 κυμάτων
735 729 854 818 τὴν
901 734 1078 797 ναῦν.
1166 730 1432 818 ὴλέξις
1477 723 1619 796 δὲ(
1594 725 1777 813 όμως
1835 730 1952 797 ἐπὶ
2008 734 2125 816 γῆς
2185 735 2550 819 βεβηκέτω,
2580 737 2651 788 58

380 836 478 918 τῷ
520 832 640 916 μὲν
692 832 922 899 κάλλει
964 834 1077 898 καὶ
1119 835 1217 918 τῷ
1262 814 1540 918 ιῖεἶιέθει
1595 836 1728 898 τῶν
1787 835 2157 917 λεγομένων
2219 855 2550 900 συνεπαι-

382 939 622 1022 ρομένη
669 937 781 1000 καὶ
828 930 918 1011 ὡς
964 932 1062 1000 ε’νι
1105 934 1400 1016 μάλιστα
1446 930 1885 1021 ὁμοιουμένη,
1939 934 2028 1019 μὴ
2078 933 2421 1013 ξενίζουσα
2472 935 2553 1001 δὲ

380 1030 540 1124 μηδ’
591 1032 762 1120 ὑπὲρ
795 1035 910 1103 τὸν
941 1035 1173 1121 καιρὸν
1205 1035 1663 1104 ἐνθουσιῶσα·
1697 1037 1997 1114 κίνδυνος
2025 1035 2151 1122 γὰρ
2186 1030 2350 1123 αὐτῇ
2382 1037 2550 1103 τότε

380 1142 694 1222 μέγιστος
740 1140 1195 1223 παρακινῆσαι
1240 1141 1351 1204 καὶ
1394 1142 1877 1226 κατενεχθῆναι
1914 1137 1981 1216 ἐς
2009 1135 2127 1203 τὸν
2173 1141 2289 1224 τῆς
2335 1163 2550 1226 ποιη-

380 1243 566 1324 τικῆς
621 1239 1023 1324 κορύβαντα,
1085 1232 1258 1305 ὣστε
1313 1239 1608 1322 μάλιστα
1664 1244 1978 1306 πειστέον
2037 1244 2396 1326 τηνικαῦτα
2439 1244 2551 1326 τῶ

376 1342 629 1426 χαλινῷ
670 1344 784 1407 καὶ
830 1346 1331 1429 σωφρονητέον,
1393 1341 1660 1420 εἰδότας
1705 1338 1795 1419 ὥς
1842 1343 2234 1428 ἱπποτυφία
2277 1366 2382 1419 τις
2423 1346 2549 1409 καὶ

383 1441 451 1509 ἐν
511 1442 733 1528 λόγοις
791 1443 1025 1520 πάθος
1082 1437 1156 1509 οὗ
1217 1443 1454 1529 μικρὸν
1509 1451 1822 1529 γίγνεται.
1913 1468 2185 1527 αμεινον
2244 1441 2360 1510 οὖν
2417 1439 2541 1531 ἐφ’

380 1545 601 1611 ι’ππου
648 1540 965 1633 ὀχουμένῃ
1008 1571 1178 1612 ποτε
1206 1550 1289 1633 τῇ
1323 1546 1547 1633 γνώμῃ
1593 1545 1712 1635 τὴν
1757 1545 2110 1633 ερμηνείαν
2156 1545 2322 1633 πεζῇ
2369 1568 2546 1629 συμ-

379 1651 745 1732 παραθεῖν,
795 1647 1105 1735 ἐχομένην
1134 1651 1254 1713 τοῦ
1286 1646 1647 1734 ἐφιππίου,
1696 1644 1784 1726 ὥς
1813 1646 1903 1735 μὴ
1939 1642 2389 1715 ἀπολείποιτο
2420 1650 2545 1732 τῆς

278 1752 618 1835 46φορᾶς.
706 1755 810 1816 46.
857 1752 964 1816 καὶ
999 1748 1129 1835 μὴν
1165 1752 1275 1815 καὶ
1324 1749 1620 1838 συνθήκῃ
1669 1753 1799 1816 τῶν
1845 1742 2194 1833 ὀνομάτων
2240 1743 2544 1835 εὐκράτῳ

377 1853 489 1916 καὶ
534 1855 701 1937 μέσῃ
744 1856 1081 1939 χρηστέον,
1130 1847 1282 1918 οῦτε
1329 1847 1496 1937 ἄγαν
1543 1845 1925 1937 ἀφιστάντα
1969 1854 2079 1917 καὶ
2130 1845 2544 1932 ἀπαρτῶντα

379 1951 647 2037 ῥυθμοῦ
677 1988 761 1998 —-
790 1950 994 2036 τραχύ
1039 1951 1166 2038 γάρ
1208 1990 1290 1999 -
1331 1948 1483 2017 οὔτε
1528 1953 1774 2039 ῥυθμῷ
1819 1945 1987 2036 παρ’
2040 1946 2287 2038 ὀλίγον,
2335 1947 2426 2029 ὥς
2470 1954 2543 2018 οἱ

378 2060 680 2140 ποιηταί,
715 2054 1171 2120 συνάπτοντα·
1204 2052 1280 2120 τὸ
1307 2055 1430 2137 μὲν
1453 2052 1577 2140 γὰρ
1610 2052 1940 2133 ἐπαίτιον,
1972 2052 2046 2120 τὸ
2076 2054 2148 2120 δὲ
2173 2047 2372 2141 ἀηδὲς
2394 2067 2543 2132 τοῖς

274 2168 344 2223 47
381 2147 715 2221 ἀκούουσι.
792 2161 895 2221 47.
926 2154 1009 2221 τὰ
1044 2155 1116 2222 δὲ
1147 2156 1515 2241 πράγματα
1560 2149 1728 2220 αὐτὰ
1775 2148 1889 2237 ούχ
1935 2151 2027 2233 ὥς
2072 2155 2255 2237 ἔτυχε
2300 2170 2636 2222 ovum-59

376 2262 545 2339 τέον,
594 2251 764 2324 ἀλλά
798 2258 1192 2346 φιλοπόνως
1222 2262 1336 2326 καὶ
1364 2258 1817 2343 ταλαιπώρως
1859 2258 2187 2335 πολλάκις
2216 2261 2376 2344 περὶ
2404 2262 2541 2324 τῶν

380 2354 596 2427 αὐτῶν
630 2354 1089 2445 ἀνακρίναντα,
1135 2364 1244 2426 καὶ
1278 2360 1574 2443 μάλιστα
1604 2360 1724 2442 μὲν
1754 2359 2060 2445 παρόντα
2089 2362 2200 2427 καὶ
2234 2359 2539 2447 ἐφορῶν-

375 2488 480 2543 τα,
529 2463 589 2528 εἰ
622 2463 693 2529 δὲ
722 2463 833 2549 μή,
880 2477 1025 2540 τοῖς
1057 2457 1579 2547 ἀδεκαστότεροι
1612 2460 2095 2583 ἐξηγουμένοις
2117 2468 2539 2547 προσέχοντα

377 2565 489 2630 καὶ
536 2589 650 2641 ους
696 2564 1021 2630 εἰκάσειεν
1068 2590 1149 2629 αν
1182 2588 1286 2640 τις
1329 2556 1570 2650 ἥκιστα
1615 2561 1789 2648 πρὸς
1829 2563 2023 2649 χάριν
2069 2554 2109 2647 ἢ
2156 2557 2537 2645 ἀπέχθειαν

377 2658 782 2752 ἀφαιρήσειν
826 2692 863 2750 η
912 2665 1337 2751 προσθήσειν
1398 2677 1542 2742 τοῖς
1598 2665 1923 2750 γεγονόσι.
2014 2660 2365 2758 κάνταῦθα
2409 2662 2538 2756 ἤδη

376 2770 489 2832 καὶ
556 2766 987 2849 στοχαστικός
1051 2792 1155 2845 τις
1220 2770 1329 2833 καὶ
1408 2766 1799 2845 συνθετικὸς
1872 2771 1990 2833 τοῦ
2058 2773 2540 2854 πιθανωτέρου

276 2868 565 2949 μέστω.
657 2874 757 2935 48.
811 2871 925 2935 καὶ
984 2867 1262 2935 ἐπειδὰν
1321 2862 1618 2956 ἀθροίσῃ
1680 2862 1950 2935 ἅπαντα
1993 2859 2036 2956 ἢ
2081 2869 2166 2935 τὰ
2225 2872 2538 2948 πλεῖστα,

375 2973 618 3053 πρῶτα
668 2970 788 3053 μὲν
845 2966 1210 3059 ῦπόμνημά
1254 2997 1322 3038 τι
1370 2976 1832 3057 συνυφαινέτω
1891 2965 2109 3039 αὐτῶν
2168 2974 2281 3039 καὶ
2341 2976 2540 3056 σῶμα

376 3078 660 3139 ποιείτω
706 3067 983 3149 ἀκαλλὲς
1028 3072 1127 3138 ἔτι
1171 3076 1282 3139 καὶ
1330 3068 1835 3160 ἀδιάρθρωτον·
1897 3070 2043 3139 εἶτα
2097 3072 2371 3151 ἐπιθεὶς
2414 3073 2540 3162 τὴν

374 3173 565 3251 τάξιν
611 3172 913 3259 ἐπαγέτω
960 3171 1035 3239 τὸ
1082 3173 1324 3250 κάλλος
1352 3177 1462 3240 καὶ
1506 3174 1856 3262 χρωννύτω
1886 3178 1969 3261 τῇ
2001 3175 2174 3253 λέξει
2218 3178 2330 3242 καὶ
2378 3198 2538 3262 σχη-

275 3306 351 3361 49
375 3275 703 3359 ματιζέτω
746 3277 860 3341 καὶ
904 3275 1304 3358 ῥυθμιζέτω.
1394 3281 1498 3342 49.
1545 3280 1656 3344 καὶ
1704 3273 1877 3354 ὅλως
1923 3276 2189 3343 ἐοικέτω
2234 3277 2391 3344 τότε
2434 3282 2537 3364 τῷ

374 3381 493 3444 τοῦ
533 3374 819 3464 Ὁμήρου
863 3380 987 3445 Διὶ
1045 3373 1201 3465 ἄρτι
1254 3379 1374 3462 μὲν
1435 3378 1554 3462 τὴν
1599 3382 1731 3444 τῶν
1795 3378 2209 3446 ἱπποπόλων
2259 3383 2621 3466 Θρῃκῶνθο

372 3483 490 3565 γῆν
522 3476 785 3566 ὁρῶντι,
834 3475 987 3563 ἄρτι
1018 3480 1090 3546 δὲ
1121 3479 1238 3570 τὴν
1269 3484 1564 3547 Μυσῶν·
1597 3480 1764 3546 κατὰ
1794 3485 2004 3546 ταῦτα
2034 3480 2159 3567 γὰρ
2189 3483 2298 3547 καὶ
2334 3475 2538 3559 αὐτὸς

376 3607 525 3704 αρτι
570 3582 691 3665 μὲν
735 3580 820 3646 τὰ
866 3580 1011 3648 >ι’δια
1057 3577 1280 3669 ὁράτω
1336 3586 1449 3649 καὶ
1509 3581 1808 3670 δηλούτω
1852 3578 2012 3668 ἡμῖν
2059 3582 2173 3649 οἶα
2219 3582 2537 3669 ἐφαίνετο

376 3682 555 3768 αὐτῷ
590 3677 714 3809 ἀφ’
766 3679 1093 3771 ὑψηλοῦ(
1062 3688 1324 3771 οριῦντι,
1374 3680 1528 3768 άρτι
1559 3684 1631 3749 δὲ
1660 3682 1745 3749 τὰ
1776 3688 2078 3771 Περσῶν,
2128 3677 2250 3749 εἶτ’
2306 3677 2537 3772 ἀμφό-

371 3809 551 3871 τερα,
599 3784 659 3851 εἷ
701 3779 1040 3868 μάχοιντο.
1114 3788 1226 3853 καὶ
1259 3785 1326 3853 ἐν
1369 3781 1540 3873 αὐτῇ
1587 3786 1658 3852 δὲ
1701 3789 1783 3872 τῇ
1828 3785 2206 3871 παρατάξει
2235 3785 2324 3872 μὴ
2359 3786 2537 3869 πρὸς

373 3888 442 3953 ἓν
486 3891 687 3972 μέρος
732 3883 954 3971 ὁράτω
984 3881 1141 3976 μηδ’
1196 3887 1291 3966 εις
1322 3888 1440 3954 ένα
1487 3889 1707 3954 ἱππέα
1749 3878 1792 3973 ἢ
1838 3887 2059 3968 πεζόν,
2108 3887 2168 3954 εἷ
2211 3886 2300 3973 μὴ
2351 3894 2536 3973 Βρα-

377 3989 570 4067 σίδας
621 4015 725 4068 τις
785 3991 885 4078 εἰἠ
948 3990 1323 4077 προπηδῶν
1365 3980 1408 4078 ἢ
1453 3995 1904 4077 Δημοσθένης
1963 3984 2356 4056 ἀνακόπτων
2413 3988 2536 4075 τὴν
