2800 4500
466 219 546 277 90
1345 220 1720 274 ΔΟΥΚΙΑΝΟΥ

460 391 573 456 καὶ
616 389 948 472 πολύχους
989 389 1281 476 καρπός,
1342 384 1564 466 ἄλλως
1607 390 1681 456 δὲ
1727 389 1797 457 ἐν
1840 383 2083 478 ὀρεινῷ
2138 391 2249 456 καὶ
2297 385 2623 475 ὑπολίθῳ

460 492 701 580 γηδίῳ,
750 487 970 568 άλλως
1013 492 1084 557 δὲ
1131 490 1200 557 ἐν
1250 492 1575 580 δυσηλίῳ,
1622 488 1847 571 ἄλλως
1892 493 1965 559 δὲ
2009 491 2080 559 ἐν
2123 488 2468 578 ὖπωρείᾳ,
2513 493 2623 556 καὶ

463 592 636 671 δ’λως
682 593 1027 681 διαφόρως
1067 587 1237 659 καθ’
1289 592 1606 672 ἑκάστους
1647 594 1934 672 τόπους·
1995 587 2170 662 οῧτω
2225 592 2307 682 δὴ
2369 595 2485 659 καὶ
2539 591 2621 658 τὰ

463 697 806 782 νοσήματα
858 694 1047 781 παρὰ
1089 695 1248 773 τοὺς
1290 691 1831 781 ὑποδεξαμένους
1875 697 2130 774 τόπους
2174 684 2216 784 ἢ
2280 690 2540 783 εὔφορα
2582 685 2621 781 ἢ

463 794 730 887 ἰὲτροφα
758 803 845 879 (†)
887 805 1201 886 γίγνεται.
1288 803 1487 866 τοῦτο
1532 806 1756 867 τοίνυν
1798 796 2100 886 ὑπερβὰς
2144 795 2180 867 ὃ
2236 796 2467 885 πατὴρ
2512 800 2620 865 καὶ

461 894 618 969 ὅλον
688 896 1121 979 ἀνεξέταστον
1186 901 1577 968 καταλιπών
1645 895 1827 980 ἀξιοῖ
1891 906 2123 968 πᾶσαν
2186 907 2438 985 μανίαν
2504 900 2621 989 τὴν

463 1005 531 1072 ἐν
577 998 829 1072 ἷίπαντι
876 1004 1141 1088 σώματι
1183 1001 1428 1088 ὁμοίαν
1475 1001 1650 1072 εἶναι
1689 1008 1803 1071 καὶ
1846 1004 1966 1094 τὴν
2017 1010 2400 1089 θεραπείαν
2448 1003 2618 1092 ἴσην.

358 1110 444 1180 28,
463 1112 567 1175 28.
627 1105 802 1195 πρὸς
869 1107 940 1172 δὲ
1003 1107 1272 1185 τούτοις
1335 1106 1672 1185 τοιούτοις
1728 1093 1919 1174 οὐσιν
1975 1099 2085 1174 ὅτι
2136 1105 2222 1172 τὰ
2282 1118 2619 1192 γυναικεῖα

461 1209 739 1293 σώματα
782 1208 1112 1292 πάμπολυ
1154 1212 1289 1275 τῶν
1335 1202 1657 1294 ἀνδρείων
1707 1209 2014 1296 διαφέρει
2058 1208 2233 1294 πρός
2287 1233 2364 1274 τε
2421 1208 2616 1275 νόσου

460 1308 800 1398 διαφορὰν
842 1313 951 1377 καὶ
999 1309 1173 1396 πρὸς
1218 1315 1601 1398 θεραπείας
1661 1309 1910 1377 ἐλπίδα
1951 1300 1994 1400 ἢ
2055 1304 2446 1396 ἀπόγνωσιν
2503 1309 2617 1398 ῥᾴ-

460 1413 605 1480 διον
658 1418 1109 1496 καταμαθεῖν·
1177 1410 1263 1478 τὰ
1316 1414 1440 1497 μὲν
1493 1411 1620 1500 γὰρ
1677 1415 1814 1478 τῶν
1873 1406 2133 1497 ἀνδρῶν
2189 1407 2452 1500 εὐπαγῆ
2510 1414 2617 1478 καὶ

460 1510 696 1581 εὔτονα
740 1515 983 1593 πόνοις
1025 1518 1139 1582 καὶ
1183 1514 1480 1601 κινήσεσι
1525 1517 1638 1582 καὶ
1683 1511 2042 1602 ὑπαιθρίῳ
2099 1516 2323 1602 διαίτῃ
2383 1539 2615 1601 γεγυμ-

463 1622 778 1701 νασμένα,
823 1616 910 1683 τὰ
956 1618 1029 1684 δέ
1073 1618 1311 1684 ἔκλυτα
1354 1620 1468 1684 καὶ
1512 1610 1895 1705 ἀσυμπαγῆ,
1943 1617 2012 1684 ἐν
2044 1621 2199 1706 σκιᾷ
2225 1622 2613 1706 τραφημένα

463 1722 575 1786 καὶ
622 1717 817 1786 λευκὰ
866 1719 1149 1803 αἵματος
1194 1718 1416 1807 ἐνδείᾳ
1456 1722 1569 1786 καὶ
1612 1723 1876 1807 θερμοῦ
1935 1713 2197 1807 ἀπορίᾳ
2249 1721 2363 1785 καὶ
2419 1715 2612 1805 ύγροῦ

463 1820 813 1909 ἐπιρροίᾳ·
890 1816 1350 1906 εὐαλωτότερα
1415 1828 1639 1889 τοίνυν
1705 1826 1839 1889 τῶν
1912 1816 2233 1907 ἀνδρείων
2294 1824 2409 1889 καὶ
2473 1834 2613 1899 ταῖς

454 1924 681 2001 νόσοις
725 1923 1062 2008 ἐκκείμενα
1104 1926 1216 1991 καὶ
1261 1922 1380 2010 τὴν
1425 1924 1610 1991 ἰἀσιν
1669 1918 1745 1991 οὐ
1805 1929 2251 2010 περιμένοντα
2310 1928 2427 1992 καὶ
2484 1923 2607 2007 μά·
2625 1937 2689 1987 184

466 2027 663 2094 λιστα
718 2026 893 2112 πρὸς
945 2033 1192 2111 μανίας
1250 2021 1707 2114 εὐχερέστερα·
1777 2021 1894 2094 ὅτε
1945 2027 2072 2114 γὰρ
2129 2026 2307 2094 πολὺ
2363 2027 2488 2110 μὲν
2539 2024 2607 2092 τὸ

459 2124 725 2218 ὀργίλον
782 2132 894 2196 καὶ
949 2133 1201 2218 κοῦφον
1255 2132 1368 2196 καὶ
1435 2123 1816 2218 ὀξυκίνητον
1883 2129 2183 2212 ἔχουσαι,
2251 2122 2484 2218 ὀλίγην
2547 2129 2610 2196 δὲ

457 2231 577 2317 τὴν
633 2235 751 2300 τοῦ
809 2231 1120 2316 σώματος
1177 2227 1383 2300 αὐτοῦ
1444 2231 1757 2317 δύναμιν,
1817 2232 2066 2322 ῥᾳδίως
2123 2231 2191 2310 ἐς
2244 2231 2323 2300 τὸ
2385 2232 2610 2311 πάθος

356 2352 432 2408 29
458 2339 657 2403 τοῦτο
700 2335 1329 2402 κατολισθάνουσιν.
1418 2339 1518 2400 29.
1564 2329 1640 2402 οὐ
1690 2336 1947 2402 δίκαιον
1990 2340 2216 2402 τοίνυν
2260 2334 2454 2420 παρὰ
2488 2337 2609 2399 τῶν

459 2438 706 2522 ἰατρῶν
749 2435 870 2526 τὴν
914 2432 1157 2520 ὅμοιάν
1203 2428 1318 2501 ἐπ’
1372 2429 1628 2524 ἀμφοῖν
1671 2442 2053 2520 θεραπείαν
2111 2430 2463 2517 ἀπαιτεῖν,
2524 2435 2609 2503 εἰ·

460 2540 662 2617 δότας
706 2534 795 2617 ὦς
840 2537 1014 2605 πολὺ
1060 2531 1219 2605 τούν
1261 2542 1469 2624 μέσῳ,
1512 2544 1644 2623 βίῳ
1688 2540 1896 2605 παντὶ
1925 2541 2038 2605 καὶ
2067 2533 2397 2623 πράξεσιν
2429 2531 2609 2616 ὅλαις

456 2645 565 2709 καὶ
615 2645 830 2708 πᾶσιν
874 2639 1396 2727 ἐπιτηδεύμασιν
1444 2638 1517 2718 ἐξ
1570 2637 1774 2728 ἀρχῆς
1835 2633 2040 2717 εὐθὺς
2093 2646 2606 2725 κεχωρισμένων.

458 2737 620 2810 ὅταν
672 2749 896 2810 τοίνυν
956 2743 1144 2829 λέγῃς
1200 2734 1308 2808 ὅτι
1359 2747 1643 2831 μέμηνε,
1702 2747 2072 2830 προστίθει
2124 2745 2239 2809 καὶ
2294 2742 2407 2811 ὅτι
2459 2742 2607 2831 γυνὴ

459 2834 628 2913 οῦσα
670 2850 938 2933 μέμηνε,
983 2848 1092 2911 καὶ
1136 2843 1227 2932 μὴ
1276 2844 1500 2931 σύγχει
1542 2848 1755 2911 ταῦτα
1798 2844 2024 2912 πάντα
2067 2849 2165 2932 τῷ
2208 2848 2326 2934 τῆς
2369 2852 2611 2930 μανίας

456 2945 735 3035 ὑπάγων
781 2940 1065 3031 ὀνόματι
1110 2945 1208 3014 ἑνὶ
1251 2949 1364 3013 καὶ
1408 2950 1506 3032 τῷ
1551 2940 1734 3033 αὐτῷ
1788 2947 2120 3029 δοκοῦντι,
2183 2939 2354 3013 ἀλλὰ
2414 2953 2611 3033 χωρί-

459 3075 600 3132 σας,
648 3044 879 3135 ιῖἱσπερ
925 3048 1070 3117 ἐστὶ
1111 3052 1224 3116 καὶ
1270 3048 1338 3118 ἐν
1381 3053 1464 3137 τῇ
1495 3049 1714 3136 φύσει,
1760 3047 1835 3116 τὸ
1871 3049 2154 3117 δυνατὸν
2183 3042 2297 3138 ἐφ’
2335 3048 2609 3118 ἑκάστου

463 3153 734 3222 σκόπει·
794 3154 906 3219 καὶ
961 3150 1087 3238 γὰρ
1132 3149 1351 3240 ἡμεῖς,
1413 3145 1583 3239 ὅπερ
1631 3149 1699 3218 ἐν
1744 3144 1910 3239 ἀρχῇ
1953 3155 2089 3218 τῶν
2139 3152 2352 3238 λόγων
2400 3151 2611 3220 εἰπών

458 3261 798 3344 μέμνημαι
811 3307 829 3337 ,
888 3258 1085 3322 τοῦτο
1132 3258 1405 3340 πρῶτον
1451 3253 1984 3337 ἐπισκοποῦμεν,
2042 3254 2246 3342 φύσιν
2302 3254 2612 3339 σώματος

455 3361 575 3425 τοῦ
621 3360 974 3435 νοσοῦντος
1016 3360 1129 3424 καὶ
1172 3360 1442 3441 κρᾶσιν,
1487 3358 1601 3422 καὶ
1642 3361 1826 3433 τίνος
1869 3357 2107 3422 πλεῖον
2149 3360 2444 3440 μετέχει,
2505 3360 2612 3425 καὶ

459 3461 519 3527 εἰ
562 3460 974 3548 θερμότερον
1018 3450 1060 3546 ἢ
1104 3457 1550 3546 ψυχρότερον,
1608 3460 1722 3524 καὶ
1776 3451 2063 3542 ἀκμάζον
2106 3448 2148 3542 ἢ
2203 3460 2610 3548 παρηβηκός,

455 3566 565 3632 καὶ
610 3569 779 3650 μέγα
822 3556 864 3652 ἢ
905 3562 1159 3648 μικρόν,
1205 3563 1317 3628 καὶ
1361 3561 1643 3644 πιμελὲς
1673 3550 1714 3648 ἢ
1744 3554 2195 3649 ὀλιγόσαρκον,
2240 3564 2354 3629 καὶ
2383 3563 2610 3630 πάντα

457 3664 541 3733 τὰ
570 3668 871 3733 τοιαῦτα.
927 3667 1037 3731 καὶ
1072 3657 1244 3741 ῧλως
1275 3657 1356 3728 ἄν
1387 3687 1492 3740 τις
1522 3656 1693 3727 αὐτὰ
1724 3662 2162 3751 προεξετάσῃ,
2208 3662 2389 3730 πάνυ
2424 3657 2610 3744 ἀξιό-

353 3777 430 3835 3⁰
459 3792 705 3847 πιστος
735 3757 818 3834 ἀν
849 3767 951 3855 εἴη
984 3763 1504 3852 ἀπογιγνώσκων
1532 3791 1602 3830 τι
1630 3753 1672 3850 ἢ
1703 3760 2244 3849 ὗπισχνούμενος.
2321 3770 2426 3834 30.
2459 3766 2610 3834 ἐπεὶ

457 3874 564 3938 καὶ
612 3874 729 3959 τῆς
770 3874 1016 3952 μανίας
1061 3861 1263 3955 αὐτῆς
1305 3871 1510 3950 μυρία
1541 3866 1685 3953 ε’ίδη
1719 3863 1857 3932 ἐστὶ
1889 3869 2001 3933 καὶ
2031 3866 2448 3950 παμπόλλας
2478 3869 2609 3953 ἔχει

457 3971 579 4050 τὰς
627 3970 849 4048 αἰτίας
892 3972 999 4036 καὶ
1049 3961 1201 4035 οὐδὲ
1245 3965 1368 4044 τὰς
1413 3973 1869 4054 προσηγορίας
1926 3961 2133 4046 αὐτὰς
2191 3964 2469 4052 ὁμοίας·
2531 3963 2606 4038 οὐ
