2800 4500
1088 253 1508 307 LEXIPHANES.
2254 252 2378 312 339

442 424 825 506 ἀνάγνωθι.
903 428 1011 487 Est
1054 429 1209 488 enim
1239 429 1299 487 id
1328 430 1631 505 proprium
1660 428 2031 504 Lexiphanei
2073 428 2380 504 sermonis,

443 535 507 590 ut
533 548 652 590 non
681 532 870 591 solum
898 530 1097 591 verbis
1133 530 1416 591 obsoletis
1451 534 1666 609 utatur,
1710 531 1818 591 sed
1848 532 2023 590 etiam
2056 532 2171 591 alio
2202 535 2378 606 atque

443 635 655 694 usitato
685 651 863 693 sensu
894 632 972 692 ef.
998 653 1047 693 e.
1076 637 1152 693 20
1180 630 1254 697 τὸ
1283 630 1678 712 καθεστηκὸς
1710 629 1987 708 νόμισμα
2016 640 2126 714 τῆς
2158 640 2380 712 φωνῆς

444 732 896 817 παρακόπτειν.
935 769 1018 779 -
1047 732 1124 798 τὸ
1155 739 1218 798 δὲ
1249 732 1599 814 λεγόμενον
1631 732 1730 812 ὡς
1761 733 1942 820 ἄλλῳ
1973 740 2167 798 παντὶ
2197 732 2383 798 ἀνό-

445 863 645 920 ητον
676 836 757 902 ἂν
788 834 868 919 ἦν
897 835 917 919 ss
945 845 1052 901 καὶ
1083 835 1262 922 ἄλλῳ
1295 842 1488 901 παντὶ
1520 834 1760 918 νοητὸν
1796 835 1877 900 ἂν
1907 832 1988 918 ἦν
2017 837 2251 899 Kaibel.
2306 873 2383 897 -.—

445 946 682 1006 πεδοῖ
718 937 740 1023 fl
779 945 959 1005 πέδοι
1010 941 1247 1002 Kaibel··
1293 976 1378 986 —
1433 937 1657 1003 σκόπει
1715 938 1787 1020 δὴ
1839 936 2111 1018 μεταξύ,
2170 936 2210 1002 ὃ
2221 964 2384 1015 πως

454 1049 942 1126 διαπεραίνομαι
968 1042 989 1126 Ι
1018 1045 1192 1122 ἕως,
1221 1040 1391 1103 ‘dum
1419 1062 1609 1120 usque
1640 1045 1716 1103 ad
1746 1043 1922 1104 finem
1963 1041 2193 1119 loquor’
2222 1042 2385 1104 det.

278 1167 336 1208 e.
367 1151 420 1207 2.
456 1143 877 1228 ἐγγυθήκην
903 1141 924 1226 Ι
955 1143 1382 1227 ἐγγυοθήκην
1412 1141 1614 1206 ΑΩΓ
1648 1148 1845 1207 Harl.
1892 1180 1974 1190 -
2010 1140 2341 1225 εὐπόρως
2370 1140 2389 1226 R

457 1245 802 1336 εὐφόρως
834 1249 978 1309 Cob.
1028 1282 1101 1291 —-
1152 1245 1486 1328 ἀρώματα
1513 1244 1534 1330 Ε
1563 1244 1875 1328 ἀρόματα
1904 1244 1955 1307 Α
1988 1243 2275 1308 ῼΗατΙ.
2304 1280 2389 1290 -

454 1356 592 1415 ἰδίω
638 1347 850 1427 θαμὰ
895 1356 1002 1414 καὶ
1044 1359 1341 1426 μαλακιῶ
1367 1346 1388 1429 Ι
1418 1341 1511 1411 θ’
1557 1347 1709 1426 ἅμα
1753 1351 1987 1415 Kaibel.

275 1472 333 1514 e.
364 1457 417 1515 3.
450 1451 895 1534 ἀποθρέξομαι
940 1448 1066 1518 οὖν
1111 1459 1243 1516 καὶ
1290 1449 1386 1516 αὖ
1441 1450 1605 1533 πρὸς
1648 1450 1764 1516 τὸν
1809 1458 2005 1516 παῖδα
2034 1452 2053 1535 ss
2082 1458 2213 1515 καὶ
2259 1450 2393 1515 αὐ-

456 1552 591 1632 τὸς
636 1579 698 1619 π.
749 1580 800 1620 τ.
851 1580 913 1618 π.
964 1555 1129 1616 det.
1172 1573 1292 1616 see.
1338 1551 1389 1614 A
1422 1550 1547 1614 21*
1595 1557 1694 1631 qui
1737 1555 1961 1616 habent
2013 1560 2119 1617 καὶ
2177 1551 2391 1631 αὐτὸς,

454 1676 564 1719 om.
610 1654 787 1738 πρὸς.
853 1692 935 1702 -
990 1654 1164 1736 παρὰ
1211 1665 1287 1737 τῇ
1345 1654 1936 1721 λεκιθοπώλιδι
1980 1655 2018 1737 ἢ
2073 1654 2247 1738 παρὰ
2302 1665 2393 1740 τῷ

455 1757 982 1838 γρυμεοπώλῃ
1037 1756 1054 1840 ΙΙ
1111 1755 1732 1839 ληκυθοπωλιδι
1781 1793 1863 1803 --
1907 1756 2391 1839 γρυτοπωλῃ

458 1863 820 1938 (scrutarius)
880 1861 1042 1922 det.
1133 1861 1422 1933 Quoniam
1465 1861 1829 1937 Lexiphanis
1891 1878 2084 1921 sermo
2139 1862 2394 1921 tumidus

458 1969 548 2024 est
578 1970 637 2024 et
665 1965 966 2025 obsoletus
996 1963 1193 2040 lepide
1223 1964 1458 2024 videtur
1487 1964 1630 2024 Luc.
1678 1981 1810 2024 eum
1840 1982 1973 2023 eum
2004 1966 2393 2040 ampullarum

469 2071 527 2125 et
568 2070 895 2127 scrutorum
938 2066 1341 2126 venditoribus
1387 2067 1736 2126 commercio
1774 2067 2144 2126 coniunctum
2172 2064 2394 2126 facere.

471 2167 561 2227 Cf.
607 2167 908 2244 Aristoph.
953 2169 1158 2227 Ranae
1203 2187 1261 2226 v.
1314 2163 1632 2247 ληκύθιον
1689 2164 2017 2230 ἀπώλεσεν
2084 2171 2241 2227 1210
2267 2185 2401 2242 sqq.

297 2290 348 2332 e.
377 2276 434 2329 4.
466 2267 554 2334 τὰ
598 2266 762 2350 κόρα
790 2265 810 2353 Ι
839 2267 942 2333 τὼ
986 2267 1149 2350 κόρα
1196 2269 1340 2331 Oob.
1400 2304 1483 2314 -
1537 2274 2059 2347 σκαρδαμυκτῶ
2086 2264 2106 2351 Ε
2137 2273 2406 2348 σκαρδα-

467 2369 737 2449 μύττω
781 2368 833 2430 Γ
879 2373 956 2449 (22)
1000 2372 1059 2442 Ἡ
1104 2374 1303 2433 Harl.

299 2495 351 2536 c.
378 2481 435 2535 4.
466 2472 678 2551 θαμὰ
722 2480 829 2537 καὶ
875 2469 1260 2555 ἀρτίδακρύς
1305 2478 1427 2549 εἰμι
1456 2470 1477 2556 Ι
1504 2472 1583 2538 θ’
1628 2470 1758 2550 ἅμα
1802 2475 2102 2535 Kaibel.

298 2597 351 2638 c.
381 2582 436 2636 5.
472 2574 669 2654 ἄλλος
713 2574 916 2641 ἄλλο
934 2594 1013 2639 σε
1059 2574 1225 2640 ἀλλα
1272 2578 1555 2656 ἐδρῶμεν
1583 2571 1604 2658 fl
1631 2578 1750 2636 del.
1797 2573 2089 2639 ἄλλοσε
2134 2573 2295 2638 det.

300 2699 354 2739 e.
386 2685 440 2740 6.
472 2675 766 2761 ὀστρακό
781 2704 963 2760 ρινα
993 2677 1012 2760 ss
1042 2675 1515 2761 ὀστρακ(’ρρινα
1547 2680 1781 2740 Kaibel.
1821 2713 1904 2723 —
1947 2673 2408 2754 λειπογνώμο-

473 2806 588 2858 νος
617 2780 636 2864 fl
664 2777 1160 2860 λιπογνώμονος
1218 2781 1356 2842 Ddf.
1402 2783 1639 2841 Kaibel.
1675 2816 1755 2826 --
1788 2782 1968 2857 οἶνος
1999 2832 2012 2845 .
2041 2831 2053 2844 .
2083 2832 2096 2843 .
2133 2772 2247 2860 ἤδη
2292 2783 2409 2854 μὲν

475 2881 891 2964 ἀγλευκής,
959 2880 1315 2960 ἄπεπτος
1381 2888 1447 2946 δὲ
1515 2884 1601 2946 ἔτι
1656 2879 1676 2962 fl
1732 2881 1849 2964 ἤδη
1902 2886 2020 2959 μὲν
2079 2878 2409 2960 πεπτός,

475 2982 870 3065 ἀγλευκὴς
915 2989 979 3048 δὲ
1030 2987 1118 3048 ἔτι
1163 2986 1324 3046 det.

303 3108 357 3149 c.
391 3093 444 3147 7.
477 3084 513 3151 ὃ
543 3090 1039 3168 κρυψιμέτωπος
1084 3089 1169 3164 (†)
1197 3083 1217 3168 ss
1247 3111 1382 3167 οκρ.
1436 3130 1451 3146 .
1498 3131 1512 3145 .
1562 3129 1577 3145 .
1622 3083 2147 3164 ὑψιμέτωπος
2176 3086 2414 3163 Kaibel,

481 3192 582 3266 qui
636 3192 698 3249 in
741 3192 988 3250 articulo
1034 3187 1071 3252 ὁ
1116 3194 1175 3249 et
1216 3214 1294 3270 κρ
1340 3191 1564 3251 initium
1608 3189 1955 3249 substantivi
2000 3190 2185 3249 latere
2229 3191 2415 3265 putat,

480 3295 573 3352 eui
604 3293 864 3352 additum
897 3297 987 3353 est
1016 3292 1368 3353 adieetivum
1399 3289 1811 3368 ὕψιμὲτωπος
1845 3324 1917 3333 -
1955 3286 2153 3353 ὥστε
2180 3285 2416 3365 μεστὸν

479 3390 556 3474 ἦν
600 3392 676 3458 τὸ
719 3403 1045 3458 κυλικεῖον
1073 3390 1093 3475 fl
1124 3388 1229 3456 ὦν
1272 3418 1352 3472 γε
1396 3394 1633 3455 Kaibel.

307 3517 356 3558 c.
387 3501 445 3556 9.
479 3494 568 3573 ὡς
612 3494 693 3559 ἂν
740 3492 862 3560 οὖν
908 3498 1318 3575 ἐχεγλωττίας
1363 3492 1560 3575 οὔσης
1605 3494 1755 3559 οὗτε
1799 3497 2194 3576 ῥησιμετρεῖν
2241 3493 2415 3573 εἶχον

483 3595 631 3662 οὔτε
676 3594 1103 3678 ἡμερολεγδὸν
1135 3593 1224 3673 ὡς
1253 3595 1752 3677 υδρονομεῖσθαι
1794 3594 1815 3680 Ι
1858 3597 1960 3674 (ᾧ).
2024 3596 2272 3658 Sensum
2302 3614 2422 3656 non

484 3702 672 3762 verba
714 3701 962 3761 Luciani
1016 3701 1324 3761 restituere
1376 3706 1618 3761 conatus
1663 3719 1791 3761 sum
1836 3702 1953 3760 sic:
2013 3701 2423 3780 ἐχεγλωττίας

484 3799 606 3868 οὖν
652 3800 847 3883 οὔσης
892 3801 981 3879 ὡς
1027 3800 1175 3868 οὗτε
1221 3800 1718 3882 ὑδρονομεῖσθαι
1776 3804 1947 3882 εἶχον
1991 3797 2424 3883 ἡμερολεγδὸν

484 3903 633 3970 οὔτε
665 3906 1079 3987 ῥησιμετρεῖν.
1126 3907 1307 3966 Reete
1331 3906 1551 3966 Kaibel
1575 3908 1795 3967 monuit
1824 3907 2220 3986 ῥησιμετρεῖν
2251 3922 2427 3981 prae·

486 4010 700 4071 cedere
747 4006 1261 4091 ὕδρονομεῖσθαι.

2017 4106 2119 4158 22*
