2800 4500
457 225 583 284 232

1407 223 1661 275 LUOEAM

665 393 750 478 μὴ
808 393 882 476 δὴ
928 392 1032 456 ΑΓ
1089 400 1242 476 μηδὲ
1295 390 1495 456 QPal.
1554 427 1637 436 —
1695 391 2171 476 καθεστηκότος
2225 391 2245 478 ΙΙ
2298 392 2593 478 καθήκον-

665 524 777 576 τος
837 495 906 558 Ω
962 494 1329 580 καθηκότος
1374 495 1427 557 Α
1484 532 1566 540 -
1623 505 1745 561 τοῦ
1801 495 2046 578 πατρὸς
2088 493 2109 578 ΙΙ
2152 517 2266 559 om.
2313 506 2430 562 τοῦ
2485 495 2591 558 ΑΩ

665 597 848 662 PPal.
906 635 988 645 —
1049 601 1212 664 εἶναι
1319 601 1459 663 εἶνα
1501 602 1589 660 sio
1632 597 1685 659 A
1730 633 1804 644 —·-
1858 602 2369 676 ἐπιπεσουμένου
2413 597 2435 683 Ι
2481 602 2593 664 ἐπι-

666 705 1024 779 πεσομένου
1078 700 1130 762 Α
1185 736 1264 745 -
1319 704 1827 778 ἐπιπεσουμένου
1871 710 1994 766 τοῦ
2037 710 2249 766 κακοῦ
2295 698 2313 782 ΙΙ
2355 703 2449 766 ἐπι
2491 705 2589 763 lac.

665 808 897 868 omissis
943 822 1206 880 πεσουμ.
1257 811 1380 869 τοῦ
1424 811 1633 868 κακοῦ
1662 799 1751 883 Ω,
1798 807 2064 880 sequitur
2107 801 2387 869 τοῦνεκα
2422 819 2592 881 μῖσος

667 908 746 972 [ἕλ
796 943 874 952 -
923 903 1131 984 νόμον
1161 904 1180 989 ΙΙ
1209 926 1323 967 om.
1359 902 1430 966 Ω
1478 942 1562 952 -
1605 904 1819 988 ἀπηνῆ
1845 901 1866 989 Ι
1895 905 2125 989 α’πεινῆ
2153 908 2288 967 Pal.
2334 939 2411 951 —
2453 931 2592 987 προ-

659 1017 916 1092 χείρους
961 1015 1068 1073 καὶ
1111 1007 1131 1091 ΙΙ
1174 1029 1288 1070 om.
1334 1004 1405 1068 Ω
1451 1012 1564 1069 lac.
1624 1044 1707 1054 -
1758 1016 1958 1090 χολῆς
1997 1060 2010 1073 .
2040 1060 2053 1074 .
2082 1061 2095 1074 .
2127 1061 2140 1075 .
2178 1006 2393 1074 πάντα
2431 1006 2447 1090 ΙΙ
2488 1028 2588 1072 om.

663 1108 730 1172 Ω
777 1115 891 1172 lac.

471 1240 479 1252 ·
599 1264 607 1272 .
663 1209 1074 1295 α’ποδημήσας
1095 1209 1116 1297 u
1138 1211 1320 1278 α’ποδ.
1360 1217 1425 1276 δὲ
1456 1208 1523 1273 Ω
1555 1248 1639 1258 -—
1661 1214 1763 1276 ἐπὶ
1786 1221 1897 1294 τῆς
1922 1210 2140 1277 α’λλοδ.
2168 1209 2313 1296 ΙΙέπὶ
2343 1227 2471 1289 τοῖς
2500 1210 2585 1276 α’λ.

667 1319 791 1377 Pal.
823 1351 907 1360 —
939 1312 1527 1397 φυλοκρινούντων
1560 1313 1579 1396 ΙΙ
1624 1311 2173 1395 φυλονικούντων
2205 1317 2359 1394 Pal„
2402 1334 2509 1376 ras.
2535 1317 2591 1373 in

663 1443 741 1499 κρ
773 1414 842 1478 Ω
873 1452 957 1462 -
987 1416 1144 1499 ὅπερ
1177 1442 1244 1497 γε
1273 1414 1293 1500 Ι]
1322 1437 1436 1478 om.
1468 1441 1537 1496 γε
1561 1412 1631 1476 Ω
1665 1452 1743 1460 --
1778 1413 2090 1498 ἀλλότρια
2118 1411 2201 1497 ἧν
2231 1415 2250 1500 ΙΙ
2277 1411 2359 1498 ἦν
2390 1415 2584 1481 ἄλλοτ.

667 1515 783 1580 ΑΩ
821 1555 904 1565 -
950 1517 1223 1601 ἰασάμην
1253 1515 1274 1601 ΙΙ
1303 1517 1641 1596 ἰασάμενος
1677 1515 1731 1578 Α
1761 1554 1842 1564 —-
1875 1517 1957 1583 οὐ
1987 1516 2107 1600 γὰρ
2138 1515 2159 1601 ΙΙ
2186 1524 2293 1582 καὶ
2325 1516 2439 1600 γὰρ
2480 1513 2589 1577 ΑΩ

667 1660 746 1668 -
794 1619 1006 1699 οὕτως
1035 1619 1053 1705 ΙΙ
1083 1619 1259 1687 οὕτω
1290 1617 1473 1683 PPal.
1518 1654 1603 1665 —
1650 1619 1799 1686 ου’δὲ
1829 1617 1848 1703 ss
1882 1618 1920 1685 ὃ
1965 1616 2033 1679 Ω
2084 1655 2157 1665 -
2209 1617 2587 1703 α’νήκεστονΙΙ

659 1724 1038 1807 εὲνηκτονθ)
1069 1720 1137 1785 Ω
1168 1759 1251 1769 -
1283 1721 1718 1805 ὑπερβεβηκὸς
1746 1720 1767 1805 [Ι
1795 1721 2016 1805 ὑπερβ.
2053 1720 2169 1805 ἤδη
2200 1718 2268 1783 Ω
2305 1759 2381 1768 -
2411 1727 2587 1800 εἰςφε·

659 1824 904 1904 ρόμεθα
933 1823 951 1908 ΙΙ
981 1824 1378 1908 ἐσφερόμεθα
1408 1829 1539 1886 Pal.
1586 1822 2039 1906 εἰεσφερόμεθα
2075 1821 2145 1886 Ω
2174 1860 2260 1871 --
2289 1833 2419 1889 τῶν
2447 1848 2587 1905 προ·

659 1925 966 2010 πατόρων
1007 1924 1028 2012 ΙΙ
1071 1936 1217 1993 τῶν.
1253 1936 1552 1993 παλαιῶν
1597 1924 1897 2009 ρητόρων
1943 1924 2013 1987 Ω
2070 1964 2143 1971 ---
2195 1942 2333 2004 τοῖς
2376 1951 2529 2008 κεκρ.
2573 1921 2591 2006 ΙΙ

659 2050 769 2090 om.
814 2043 951 2107 τοῖς
992 2026 1061 2090 Ω
1104 2065 1188 2075 --
1236 2028 1391 2093 ἰδὼν
1437 2025 1560 2093 οὖν
1602 2027 1621 2112 ΙΙ
1664 2028 1753 2093 ἰδ’
1798 2024 1881 2092 αὖ
1918 2024 1986 2087 Ω
2032 2064 2115 2073 -
2160 2023 2587 2106 ὕπωπτευονῧ

659 2129 1033 2197 ἑπόπτευον
1077 2135 1207 2193 Pal.
1254 2166 1337 2176 —
1383 2129 1565 2196 δόσιν
1608 2128 1627 2211 ΙΙ
1669 2129 1931 2214 δόκησιν
1979 2128 2047 2191 Ω

447 2256 495 2292 *3*
551 2244 599 2292 2²]-
659 2239 925 2301 δεδιέναι
955 2232 974 2319 ΙΙ
1002 2231 1249 2301 διδόναι
1279 2231 1642 2313 ss(?)Pa1.(?)
1673 2270 1755 2279 —
1784 2232 1952 2317 μόνη
1976 2231 2219 2319 Ιμόνον
2249 2232 2287 2317 ἣ
2318 2232 2368 2296 Α
2395 2230 2584 2311 μόνον

439 3589 483 3621 ε’,
539 3573 591 3621 13,

659 2364 691 2416 η
721 2334 791 2398 Ω
823 2374 896 2384 -
933 2364 1010 2416 με
1039 2335 1059 2423 ΙΙ
1083 2364 1194 2416 μοι
1223 2341 1354 2399 Pal.
1387 2373 1463 2382 —
1502 2345 1717 2417 φίλων
1752 2334 1771 2420 ΙΙ
1792 2344 2032 2416 φιλίων
2054 2336 2107 2398 Α
2137 2372 2223 2383 -—
2253 2331 2586 2419 διαβολήνΙ

655 2439 990 2524 [ἕποβολήν
1020 2439 1073 2501 Α
1102 2476 1184 2485 -
1216 2443 1436 2521 ἐνέγκῃ
1466 2438 1485 2523 ΙΙ
1514 2443 1734 2522 ἐνέγκη
1760 2436 1810 2500 Γ
1841 2443 2065 2520 ἐνεγκᾳ
2095 2443 2203 2517 (=
2225 2443 2351 2518 κοι)
2372 2440 2582 2517 (?)Pa1.

655 2577 735 2588 --
775 2540 1321 2625 μνησικακήσαντι
1353 2541 1372 2625 ΙΙ
1396 2551 1904 2624 μνησικακοῦντι
1948 2540 2017 2604 Ω
2058 2539 2582 2624 μνησικακήσοντι

659 2644 705 2705 Α
751 2678 829 2687 -
877 2642 1073 2722 εὐθὺς
1115 2643 1135 2729 Ι]
1179 2666 1292 2706 om.
1324 2641 1392 2706 Ω
1439 2681 1513 2691 -
1567 2651 2011 2725 διεγίγνωσκεν
2040 2642 2059 2729 ΙΙ
2097 2651 2493 2724 διεγίνωσκεν
2518 2636 2583 2701 Ω

655 2754 734 2789 -’
780 2752 887 2810 καὶ
930 2744 968 2829 ἡ
1011 2745 1287 2829 μητρυιὰ
1333 2752 1398 2811 δὲ
1442 2746 1656 2829 ἐπῄνει
1686 2746 1705 2831 ΙΙ
1734 2745 1948 2828 ἐπῄνει
1995 2752 2199 2811 δὲκαὶ
2245 2744 2283 2829 ἡ
2327 2742 2582 2829 μητρυιὰ

659 2845 834 2908 ΓΡαΙ.
884 2883 958 2893 -
1009 2844 1205 2926 οὗτος
1249 2847 1268 2932 ΙΙ
1311 2847 1524 2927 οὕτως
1562 2847 1632 2910 Ω
1674 2884 1759 2895 -
1801 2874 1984 2931 μαρτ.
2035 2848 2157 2931 γὰρ
2188 2848 2207 2932 ΙΙ
2238 2869 2352 2911 om.
2396 2847 2505 2929 γὰρ
2532 2844 2582 2907 Α

659 2985 728 2993 -
780 2948 958 3037 αὐτῷ
987 2948 1005 3032 ΙΙ
1045 2950 1249 3033 αὐτην
1263 2954 1342 3030 (P)
1385 2955 1517 3013 Pal.
1565 2956 1626 3012 in
1672 2972 1824 3013 corr.
1870 2989 1953 2999 —
1995 2949 2315 3034 μελλήσας
2356 2947 2377 3036 Ι
2414 2944 2582 3031 μελή-

655 3073 763 3129 υ-ας
807 3048 928 3113 ΑΩ
973 3087 1054 3098 -
1104 3051 1410 3135 εὔφραινε
1452 3052 1471 3136 ss
1517 3052 1798 3137 εὖφρανε
1844 3050 1963 3115 ΑΩ
2009 3090 2091 3099 -
2138 3052 2526 3136 ἀποκήρυξις
2565 3047 2582 3133 ss

651 3153 837 3219 ιῑέποκ.
880 3158 1032 3220 υἱοῦ
1062 3152 1262 3216 ΩΡειΙ.
1311 3154 1581 3238 αποκηρ.
1618 3154 1761 3233 υἱὸς
1793 3151 1843 3215 Γ
1887 3190 1972 3201 —
2016 3155 2262 3234 ὁμοίως
2306 3155 2325 3239 ΙΙ
2369 3176 2478 3218 om.
2520 3149 2583 3212 Ω

656 3292 726 3299 --
778 3255 1178 3338 ω’ργισμὲνον
1222 3253 1242 3339 ΙΙ
1284 3256 1669 3338 όργισμένον
1712 3260 1843 3319 Pal.
1891 3293 1969 3302 —
2022 3266 2264 3338 γίνεται
2308 3256 2327 3339 ΙΙ
2368 3253 2584 3339 γράφε-

651 3384 749 3422 ται
795 3354 863 3419 Ω
907 3394 982 3404 —-
1036 3362 1105 3423 ἐν
1150 3358 1331 3441 εὐφρ.
1366 3356 1385 3443 fl
1429 3379 1543 3421 om.
1590 3361 1659 3424 ἐν
1702 3356 1756 3419 Α
1800 3394 1885 3405 -
1927 3357 2353 3442 α’πειληφότες
2380 3356 2401 3445 Π
2425 3356 2583 3423 ὑπει-

651 3458 926 3542 ληφότες
969 3459 1022 3521 Α

647 3561 1069 3644 παρεφύλαξα
1094 3560 1113 3647 ΙΙ
1135 3562 1641 3645 παρεφυλάξατο
1671 3560 1740 3624 Ω
1771 3599 1853 3609 -
1884 3562 2337 3646 ὑποικουροῦν
2363 3561 2386 3647 Ι
2412 3562 2582 3629 {moc-

647 3680 908 3748 κουρεῖν
953 3662 1022 3725 Ω
1069 3698 1145 3710 -
1206 3664 1575 3745 τούμφανὲς
1618 3664 1637 3749 ΙΙ
1678 3675 2048 3745 τοῦμφανες
2090 3664 2144 3727 Α
2203 3701 2284 3713 —-
2338 3669 2440 3731 ἐπὶ
2480 3673 2582 3747 γῆς

647 3792 781 3845 νυν.
832 3763 851 3849 ΙΙ
892 3769 995 3831 ἐπὶ
1040 3775 1150 3849 τῆς
1193 3792 1331 3848 γυν.
1383 3765 1488 3828 ΑΓ
1533 3801 1618 3811 -
1662 3766 1975 3853 ᾤκτειρον
2018 3767 2037 3852 ΙΙ
2082 3766 2356 3851 ὤκτειρα
2402 3766 2452 3829 Α

435 3893 483 3925 ν..
539 3877 587 3925 T.
647 3875 958 3947 Ιεζεῖῖιωτείας
1000 3867 1018 3952 ΙΙ
1064 3875 1344 3947 ἰδιωτίας
1387 3866 1440 3929 Γ
1484 3904 1568 3914 -
1614 3868 1766 3935 οὔτε
1819 3869 2020 3954 α’ρχὴν
2067 3869 2086 3955 ΙΙ
2129 3869 2280 3936 ου”τε
2322 3869 2442 3953 τὴν
2486 3869 2583 3951 α’ρ·

639 3969 758 4051 χὴν
789 3967 857 4032 Ω
890 4006 964 4016 --
1003 3969 1166 4057 ᾠέτο
1196 3969 1216 4055 ΙΙ
1246 3975 1443 4037 οἴεται
1489 3967 1664 4033 ΑΩΓ
1708 4008 1792 4018 -
1830 3972 1906 4038 τὸ
1951 3970 2341 4056 α’ρρώστημα
2385 3972 2404 4057 ΙΙ
2446 3970 2585 4054 τάρ-
