2800 4500
424 234 505 292 58
1308 232 1593 286 ΑΟΥΚΙΑΝ
1598 232 1683 284 ΟΥ

422 391 541 473 οὑν
600 401 835 483 ἄλλαις
881 399 957 470 οὗ
1014 408 1501 489 προσέσχομεν,
1558 396 1601 489 ᾗ
1649 401 1719 466 δὲ
1766 400 2126 489 ἐπέβημεν,
2186 399 2418 467 τοιάδε
2464 385 2599 488 ἦν·

422 509 635 595 κύκλῳ
679 509 799 591 μὲν
858 510 1050 572 πᾶσα
1107 499 1492 593 κρημνώδης
1547 507 1656 571 καὶ
1714 497 2085 591 ἀπόξυρος,
2143 507 2422 587 πέτραις
2468 504 2598 567 καὶ

423 615 716 698 τραχιῦσι
759 611 1255 697 κατεσκληκυῖα,
1304 609 1576 695 δένδρον
1616 606 1682 673 δ’
1735 601 1924 674 οὐδὲν
1973 601 2125 673 οὐδὲ
2170 599 2346 692 ὕδωρ
2395 605 2597 694 ἐνῆν·

422 709 918 800 ἀνερπύσαντες
977 712 1047 778 δὲ
1104 705 1289 795 ὅμως
1352 708 1523 777 κατὰ
1589 708 1747 787 τοὺς
1808 708 2135 796 κρημνοὺς
2209 707 2599 795 προῄειμεν

422 816 538 883 διά
595 840 777 893 τινος
844 808 1283 893 ἀκανθώδους
1347 816 1462 881 καὶ
1520 813 1874 881 σκολόπων
1936 816 2181 899 μεστῆς
2249 806 2596 897 άτραποῦ,

423 916 680 1004 πολλὴν
738 911 1086 1004 αμορφίαν
1139 920 1256 1006 τῆς
1308 914 1530 1003 χώρας
1588 914 1880 1003 ἐχούσης.
1971 913 2287 993 ἐλθόντες
2344 915 2412 980 δὲ
2462 912 2599 980 ἐπὶ

422 1019 542 1108 τὴν
601 1018 859 1105 εἱρκτὴν
916 1023 1028 1087 καὶ
1082 1046 1159 1086 το
1217 1006 1656 1109 κολαστήριον
1722 1022 1960 1103 πρῶτα
2023 1018 2143 1101 μὲν
2198 1017 2316 1107 τὴν
2375 1017 2598 1139 φύσιν

422 1128 543 1190 τοῦ
600 1124 816 1189 τόπου
877 1120 1513 1206 ἐθαυμάζομεν·τὸ
1569 1123 1691 1205 μὲν
1746 1121 1872 1209 γὰρ
1931 1121 2182 1209 έδαφος
2240 1114 2399 1186 αὐτὸ
2446 1146 2596 1202 μα·-

420 1230 690 1311 χαίραις
730 1227 841 1292 καὶ
889 1224 1180 1310 σκόλοψι
1225 1224 1445 1313 πάντη
1495 1223 1865 1312 ἐξηνθήκει,
1910 1223 2122 1310 κύκλῳ
2160 1224 2231 1290 δὲ
2275 1227 2592 1306 ποταμοὶ

423 1332 845 1416 περιέρρεον,
907 1324 940 1393 0‘
987 1328 1109 1411 μὲν
1163 1327 1528 1413 βορβόρου,
1591 1324 1625 1394 o‘
1675 1328 1747 1393 δὲ
1802 1327 2106 1415 δεύτερος
2166 1328 2485 1411 αἵματος,
2547 1323 2712 1393 0‘127

429 1431 501 1497 δὲ
561 1430 749 1498 ἔνδον
808 1430 1052 1516 πυρός,
1122 1431 1301 1496 πάνυ
1358 1435 1564 1516 μέγας
1622 1424 1816 1508 οὗτος
1870 1433 1980 1497 καὶ
2040 1424 2407 1515 ἆπέρατος,
2469 1433 2592 1497 καὶ

428 1534 606 1621 ἔρρει
651 1526 877 1621 ὥσπερ
922 1525 1101 1620 ὕδωρ
1145 1536 1259 1600 καὶ
1314 1532 1717 1621 ἐκυματοῦτο
1778 1526 2006 1622 ὥσπερ
2064 1533 2406 1613 θάλαττα,
2466 1535 2591 1599 καὶ

429 1637 625 1719 ἰχθῦς
684 1637 756 1703 δὲ
813 1633 946 1719 εἶχε
995 1632 1325 1718 πολλούς,
1394 1636 1551 1714 τοὺς
1607 1638 1726 1720 μὲν
1788 1638 2015 1715 δαλοῖς
2049 1636 2588 1723 προσεοικότας,

427 1738 583 1817 τοὺς
630 1740 701 1805 δὲ
745 1738 1019 1825 μικροὺς
1063 1734 1360 1826 ἄνθραξι
1419 1740 1976 1825 πεπυρωμένοις]
2021 1738 2293 1805 ἐκάλουν
2341 1739 2412 1804 δὲ
2458 1733 2592 1805 αὖ·

340 1840 583 1919 31τούς
629 1843 1027 1924 λυχνίσκους.
1105 1847 1206 1908 31.
1256 1841 1519 1920 εἴσοδος
1551 1842 1623 1908 δὲ
1653 1850 1776 1925 μία
1810 1843 2002 1931 στενὴ
2038 1841 2150 1908 διὰ
2197 1842 2470 1910 πάντων
2505 1830 2591 1932 ἦν

427 1948 536 2013 καὶ
573 1944 884 2030 πυλωρὸς
916 1943 1293 2032 ἐφειστήκει
1331 1951 1559 2027 Τίμων
1591 1940 1625 2010 ὁ
1651 1939 2041 2031 Ἀθηναῖος.
2117 1946 2595 2032 παρελθόντες

431 2049 502 2114 δὲ
560 2040 743 2131 ὅμως
799 2051 917 2113 τοῦ
966 2049 1322 2113 Ναυπλίου
1377 2052 1883 2134 καθηγουμένου
1940 2046 2249 2133 ἑωρῶμεν
2306 2049 2592 2129 κολαζο-

429 2157 666 2236 μένους
723 2150 1019 2226 πολλοὺς
1075 2151 1194 2235 μὲν
1249 2152 1604 2234 βασιλέας,
1665 2149 1959 2228 πολλοὺς
2012 2151 2240 2219 δὲκαὶ
2288 2150 2588 2232 ἰδιώτας,

429 2247 522 2320 οἷν
569 2252 784 2332 ἐνίους
839 2257 951 2321 καὶ
1010 2252 1477 2341 ἐγνωρίζομεν·
1539 2253 1803 2338 εἴδομεν
1855 2254 1926 2320 δὲ
1970 2258 2079 2322 καὶ
2123 2254 2242 2322 τὸν
2288 2255 2593 2340 Κινύραν

429 2361 667 2444 καπνῷ
751 2354 1266 2444 ὑποτυφόμενον
1354 2356 1426 2422 ἐκ
1511 2361 1644 2422 τῶν
1733 2356 2009 2423 αἰδοίων
2097 2351 2593 2445 ἀπηρτημένον.

434 2465 933 2548 προσετίθεσαν
980 2460 1051 2526 δὲ
1098 2460 1164 2525 οἱ
1222 2462 1621 2546 περιηγηταὶ
1678 2462 1791 2526 καὶ
1846 2460 2000 2538 τοὺς
2058 2458 2355 2527 ἑκάστων
2396 2467 2598 2545 βίους

432 2565 543 2629 καὶ
575 2561 696 2640 τὰς
740 2563 963 2640 αἰτίας
996 2556 1105 2651 ἐφ’
1163 2561 1268 2640 αἶς
1311 2562 1737 2641 κολάζονται·
1784 2565 1895 2629 καὶ
1940 2569 2261 2648 μεγίστας
2306 2559 2598 2630 ἁπασῶν

433 2671 762 2749 τιμωρίας
819 2661 1148 2748 ὑπέμενον
1197 2666 1262 2731 οι
1306 2665 1726 2748 ψευσάμενοί
1775 2691 1844 2731 τι
1886 2665 2076 2750 παρὰ
2121 2665 2238 2732 τὸν
2282 2673 2436 2748 βίον
2477 2693 2596 2732 και

440 2794 503 2833 οι
548 2766 636 2857 μὴ
683 2762 949 2856 ταληθῆ
991 2767 1539 2854 συγγεγραφότες,
1587 2766 1655 2832 ἐν
1701 2766 1803 2844 οἶς
1845 2770 1955 2835 καὶ
2001 2773 2303 2856 Κτησίας
2349 2764 2384 2834 0‘
2427 2775 2602 2836 Κνί-

439 2871 582 2949 διος
640 2868 717 2956 ἠν
774 2874 887 2938 καὶ
940 2864 1311 2954 (Ηρόδοτος
1366 2873 1476 2936 καὶ
1539 2865 1732 2935 άλλοι
1789 2870 2053 2937 πολλοί.
2142 2870 2420 2949 τούτους
2479 2896 2602 2938 ουν

439 2970 613 3058 ὁρῶν
660 2973 784 3059 ἐγω
828 2971 1120 3061 χρηστὰς
1170 2968 1345 3055 εἶχον
1392 2971 1460 3048 ἐς
1502 2966 1788 3038 τούπιὸν
1845 2972 1965 3050 τὰς
2024 2971 2337 3050 ἐλπίδας·
2402 2967 2601 3040 οὐδὲν

350 3077 563 3163 32γαρ
611 3075 878 3161 ἐμαυτῷ
936 3075 1189 3159 ψεῦδος
1249 3073 1514 3141 εἰπόντι
1574 3075 2103 3163 συνηπιστάμην.
2195 3082 2295 3143 32.
2342 3082 2603 3158 ταχέως

443 3174 504 3247 δ’
570 3206 685 3246 ουν
744 3173 1173 3264 ἀναστρέψας
1231 3176 1345 3243 ἐπὶ
1402 3176 1522 3264 τὴν
1581 3181 1739 3243 ναῦν
1798 3215 1880 3224 -
1940 3203 2015 3244 ου
2073 3177 2197 3264 γὰρ
2255 3172 2601 3266 ἠδυνάμην

441 3287 670 3370 φέρειν
728 3278 845 3364 τὴν
910 3275 1076 3364 όψιν
1135 3317 1217 3328 -
1277 3274 1758 3357 ἀσπασάμενος
1824 3280 1941 3346 τὸν
1999 3279 2357 3347 Ναύπλιον
2428 3274 2603 3346 ἀπέ-

441 3386 735 3450 πλευσα·
796 3386 906 3448 καὶ
952 3376 1099 3465 μετ’
1164 3378 1390 3469 ὀλίγον
1450 3382 1765 3470 ἐφαίνετο
1820 3386 2110 3470 πλησίον
2154 3378 2193 3470 ἡ
2239 3385 2374 3449 τῶν
2421 3377 2602 3449 ὀνει-

443 3513 575 3572 ρων
622 3489 839 3571 νῆσος,
888 3478 1151 3569 ἀμυδρά
1184 3488 1296 3551 καὶ
1335 3479 1605 3573 ἀσαφὴς
1652 3484 1849 3551 ἰδεῖν·
1898 3485 2149 3567 ἔπασχε
2182 3486 2397 3551 δὲκαὶ
2431 3479 2597 3572 αὐτὴ

441 3602 584 3666 τοῖς
620 3581 908 3674 ὀνείροις
953 3613 1019 3653 τι
1064 3588 1577 3675 παραπλήσιον·
1622 3583 1956 3671 ὑπεχώρει
1999 3586 2124 3673 γὰρ
2169 3587 2601 3672 προσιόντων
2629 3613 2720 3664 123
2793 3571 2796 3636 ἶ

443 3686 632 3777 ἡμῶν
674 3692 786 3756 καὶ
844 3685 1178 3778 ὑπέφευγε
1236 3693 1346 3756 καὶ
1404 3696 1814 3777 πορρωτέρω
1873 3688 2216 3775 ὑπέβαινε.
2306 3693 2606 3756 καταλα-

443 3795 676 3879 βόντες
737 3794 810 3859 δέ
865 3818 1036 3860 ποτε
1093 3787 1298 3882 αὐτὴν
1352 3796 1464 3860 καὶ
1525 3792 2009 3871 ἐσπλεύσαντες
2068 3791 2134 3870 ἐς
2192 3790 2309 3859 τὸν
2340 3785 2605 3861 ’Ύπνον

449 3897 683 3979 λιμένα
744 3896 1409 3983 προσαγορευόμενον
1470 3898 1758 3984 πλησίον
1817 3900 1949 3962 τῶν
2001 3897 2230 3961 πυλιῦν
2276 3899 2409 3962 τῶν
2459 3894 2609 3963 ἐλε-

448 4006 807 4087 φαντίνων,
855 3993 895 4087 ᾗ
938 3999 1014 4067 τὸ
1063 4003 1181 4065 τοῦ
1218 3994 1692 4084 Ἀλεκτρυόνος
1738 3999 1914 4082 ἱερόν
1961 3997 2120 4079 ἐστι,
2170 4001 2328 4084 περὶ
2378 3998 2610 4086 δείλην

2793 3105 2796 3134 ἢ

2793 3193 2796 3224 4
