2800 4500
432 233 512 291 20
1318 235 1693 289 ΛΟΥΚΙΑΝΟΥ

434 429 550 470 τον
598 402 955 470 Γύλιππον
1002 405 1354 489 διαπεῖραι
1396 402 1644 487 μεταξὺ
1705 398 2213 487 ἀποτειχίζοντα
2256 404 2366 467 καὶ
2417 395 2602 467 ἀπο-

434 505 855 593 ταφρεύοντα
914 503 1036 583 τὰς
1094 502 1322 585 ὁδούς,
1383 509 1494 571 καὶ
1552 508 1743 584 τέλος
1799 512 2287 592 Συρακουσίους
2344 505 2468 588 μὲν
2530 501 2602 581 ἐς

434 607 554 684 τὰς
601 610 1006 691 λιθοτομίας
1053 607 1394 693 ἐμβαλεῖν,
1453 607 1608 686 τοὺς
1652 608 1725 675 δὲ
1762 603 2174 696 Ἀθηναίους
2232 608 2602 691 περιπλεῖν

435 712 743 777 Σικελίαν
787 715 899 778 καὶ
940 708 1219 778 Ἰταλίαν
1277 709 1447 794 μετὰ
1492 715 1627 776 τῶν
1673 706 1960 795 πρώτων
2003 715 2119 778 τοῦ
2156 704 2600 793 Ἀλκιβιάδου

438 813 749 880 ἐλπίδων.
827 806 1002 892 ἀλλ’,
1052 809 1261 896 οἶμαι,
1307 813 1392 878 τὰ
1423 813 1543 895 μὲν
1581 818 1975 900 πραχθέντα
2008 806 2158 879 οῦδὲ
2191 809 2462 877 Κλωθώ
2514 837 2603 876 αν

334 918 456 982 89’
437 915 536 982 ε’τι
581 909 1021 983 ἀνακλώσειεν
1067 908 1220 980 οὐδὲ
1250 910 1594 1000 ’Ἀτροπος
1644 920 2107 1001 μετατρέψειε.
2197 920 2297 982 39.
2344 917 2463 979 τοῦ
2513 908 2599 1002 δὴ

439 1019 922 1103 συγγραφέως’
904 1016 1093 1101 έργον
1127 1015 1212 1096 ε’ν,
1248 1015 1493 1081 ε’καστα
1525 1013 1617 1094 ὥς
1649 1016 1958 1104 ἐπράχθη
1992 1016 2226 1083 εἰπεῖν.
2287 1018 2487 1082 τοῦτο
2524 1009 2591 1080 δ’

439 1113 555 1185 ὀῦκ
613 1145 693 1184 αν
742 1117 1046 1193 δύναιτο,
1108 1112 1258 1201 ὂῖχρι
1318 1145 1397 1183 αν
1442 1108 1484 1206 ἢ
1530 1122 1824 1204 φοβῆται
1859 1113 2303 1206 Ἀρταξέρξην
2362 1115 2604 1199 ἰατρὸς

442 1215 646 1286 αὐτοῦ
714 1215 841 1301 ὤν,
908 1210 950 1308 ἢ
1017 1219 1250 1308 ἐλπίζῃ
1316 1220 1556 1286 κάνδυν
1623 1225 2015 1308 πορφυροῦν
2081 1224 2191 1287 καὶ
2261 1218 2603 1305 στρεπτὸν

435 1326 718 1405 χρυσοῦν
764 1325 873 1388 καὶ
919 1322 1140 1389 ἵππον
1197 1326 1328 1388 τῶν
1372 1328 1682 1389 Νισαίων
1739 1322 2090 1408 λήψεσθαι
2143 1320 2400 1404 μισθὸν
2457 1324 2601 1386 τιῦν

441 1424 509 1490 ἐν
536 1427 620 1511 τῇ
649 1428 873 1512 γραφῇ
905 1422 1223 1492 ἐπαίνων.
1300 1418 1447 1490 ἀλλ’
1488 1418 1563 1490 οὗ
1594 1427 1918 1512 Ξενοφῶν
1951 1418 2111 1491 αῦτὸ
2146 1423 2437 1509 ποιήσει,
2487 1424 2598 1489 δί-

435 1552 624 1605 καιος
671 1526 1103 1615 συγγραφεύς,
1152 1520 1305 1593 οῦδὲ
1355 1527 1782 1615 Θουκυδίδης.
1873 1522 2043 1592 ἀλλὰ
2083 1551 2206 1592 καν
2252 1524 2396 1612 ἰδίᾳ
2424 1528 2691 1612 μισῇ53

436 1638 656 1709 τινας,
715 1627 890 1695 πολύ
954 1622 1470 1716 ἀναγκαιότερον
1525 1625 1844 1719 ἡγήσεται
1903 1628 1979 1695 τὸ
2033 1626 2257 1695 κοινὸν
2313 1629 2421 1693 καὶ
2468 1626 2595 1713 τὴν

440 1725 769 1819 ἀλήθειαν
814 1734 973 1817 περὶ
1017 1733 1332 1808 πλείονος
1373 1730 1738 1817 ποιήσεται
1780 1735 1898 1817 τῆς
1908 1730 2201 1898 νέχθρας,
2247 1754 2368 1794 καν
2399 1730 2594 1856 φιλῇ,

438 1825 622 1915 όμως
689 1825 803 1897 οῦκ
870 1826 1193 1919 ἀφέξεται
1267 1829 1796 1916 ἁμαρτάνοντος·
1955 1832 2162 1918 γάρ,
2239 1828 2331 1909 ὥς
2399 1831 2593 1918 ε’φην,

437 1937 635 2000 τοῦτο
681 1932 859 2000 ἰ’διον
906 1935 1225 2022 ἱστορίας,
1271 1937 1380 2000 καὶ
1428 1934 1597 2021 μόνῃ
1642 1940 1888 2001 θυτέον
1918 1939 1999 2021 τῇ
2032 1930 2345 2021 ἀληθείᾳ,
2392 1933 2597 2011 εἴτις

442 2036 743 2120 ἱστορίαν
786 2034 1067 2122 γράψων
1112 2036 1215 2123 ἰ’ῃ,
1272 2040 1407 2103 τιῦν
1453 2037 1524 2102 δὲ
1573 2031 1790 2102 ἄλλων
1850 2033 2168 2102 ἁπάντων
2227 2029 2596 2122 ἀμελητέον

442 2131 652 2223 αὐτῷ,
712 2139 822 2203 καὶ
868 2130 1040 2214 ὅλως
1084 2141 1296 2224 πῆχυς
1343 2137 1439 2215 εἷς
1482 2140 1591 2204 καὶ
1638 2143 1878 2223 μέτρον
1938 2131 2232 2221 ἀκριβές,
2292 2131 2595 2219 ἀποβλέ-

439 2265 593 2308 πειν
638 2236 726 2326 μὴ
776 2238 842 2316 ἐς
884 2238 1039 2318 τοὺς
1085 2243 1195 2307 νῦν
1242 2235 1622 2321 ἀκούοντας,
1672 2233 1821 2306 ἀλλ’
1877 2238 1943 2318 ἐς
1986 2239 2142 2316 τοὺς
2176 2237 2344 2324 μετὰ
2376 2242 2594 2305 ταῦτα

338 2347 415 2403 40
438 2346 915 2425 συνεσομένους
958 2355 1100 2420 τοῖς
1146 2341 1664 2427 συγγράμμασιν.
1739 2349 1841 2409 40.
1877 2341 1935 2407 εἰ
1968 2342 2039 2407 δὲ
2082 2341 2157 2408 τὸ
2205 2347 2594 2426 παραυτίκα

435 2468 539 2521 τις
593 2443 999 2524 θεραπεύοι,
1066 2446 1184 2528 τῆς
1239 2447 1373 2508 τῶν
1430 2443 1919 2509 κολακευόντων
1985 2444 2258 2527 μερίδος
2316 2442 2597 2521 εἰκότως

439 2536 518 2610 ἂν
563 2550 957 2632 νομισθείη,
1019 2544 1132 2621 οὓς
1175 2545 1394 2610 πάλαι
1436 2541 1475 2634 ἦ
1527 2545 1793 2631 ἱστορία
1852 2549 1964 2613 καὶ
2012 2545 2084 2623 ἐξ
2127 2539 2327 2634 ἀρχῆς
2383 2539 2596 2623 εῦθίς

438 2639 900 2729 ἀπέστραπτο,
948 2639 1023 2711 οὗ
1065 2659 1253 2728 μεῖον
1297 2636 1339 2733 ἢ
1381 2645 1802 2735 κομμωτικὴν
1833 2644 1871 2734 ἡ
1905 2646 2325 2732 γυμνασκική.
2395 2641 2593 2713 Ἀλε-

439 2746 719 2873 ξάνδρου
774 2751 938 2833 γοῦν
984 2751 1096 2814 καὶ
1152 2750 1348 2813 τοῦτο
1409 2741 2107 2835 ἀπομνημονεύο,υσιν
2168 2741 2272 2829 ός,
2327 2745 2687 2828 (Ηδέως54

438 2876 551 2928 αν,
600 2849 763 2936 ε’φη,
822 2847 997 2933 πρὸς
1041 2844 1267 2933 ὀλίγον
1313 2843 1650 2932 ἀνεβίουν,
1711 2848 1763 2914 ὠ
1803 2844 2241 2938 Ὀνησίκριτε,
2305 2844 2593 2917 ἀποθα-

438 2950 584 3030 νών,
632 2949 822 3028 οπως
865 2949 1167 3033 μάθοιμι
1211 2954 1358 3029 πῶς
1400 2954 1610 3017 ταῦτα
1643 2953 1708 3017 οἱ
1755 2947 2116 3037 άνθρωποι
2159 2952 2312 3019 τότε
2356 2946 2592 3038 ἀναγι-

435 3051 859 3137 γνώσκουσιν.
935 3052 995 3118 εἰ
1027 3053 1098 3117 δὲ
1131 3055 1242 3119 νῦν
1283 3046 1450 3118 αυτὰ
1483 3052 1838 3120 ἐπαινοῦσι
1867 3058 1976 3121 καὶ
2012 3048 2448 3134 ἀσπάζονται,
2497 3056 2588 3142 μὴ

435 3154 828 3241 θαυμάσῃς·
890 3153 1151 3221 οἴονται
1192 3152 1318 3241 γὰρ
1352 3147 1428 3221 οῦ
1472 3159 1686 3240 μικρῷ
1742 3182 1877 3223 τινι
1921 3160 2018 3242 τῷ
2064 3157 2323 3222 δελέατι
2370 3152 2592 3244 τούτῳ

437 3250 857 3322 ἀνασπάσειν
926 3254 1200 3334 ἕκαστος
1263 3256 1383 3345 τὴν
1443 3252 1612 3339 παρ’
1686 3253 1870 3344 ἡμῶν
1939 3253 2221 3324 εὔνοιαν.
2319 3254 2589 3348 Ὁμήρῳ

433 3362 622 3444 γοῦν,
668 3364 892 3425 καίτοι
936 3357 1109 3444 πρὸς
1152 3356 1226 3424 τὸ
1274 3359 1588 3441 μυθῶδες
1632 3358 1716 3425 τὰ
1764 3362 2053 3426 πλεῖστα
2098 3362 2588 3450 συγγεγραφότι

433 3456 604 3547 ὑπὲρ
648 3463 767 3526 τοῦ
802 3453 1192 3543 Ἀχιλλέως,
1253 3456 1376 3549 ἤδη
1423 3464 1531 3527 καὶ
1581 3461 1922 3528 πιστεύειν
1971 3462 2146 3540 τινὲς
2188 3459 2588 3548 ὑπάγονται,

434 3561 637 3644 μόνον
683 3564 881 3628 τοῦτο
928 3561 1025 3640 εἷς
1069 3556 1421 3640 ἀπόδειξιν
1479 3567 1598 3648 τῆς
1650 3556 1979 3650 ἀληθείας
2023 3569 2192 3651 μέγα
2235 3565 2589 3654 τεκμήριον

434 3667 801 3746 τιθέμενοι,
848 3662 955 3730 οτι
985 3663 1074 3749 μὴ
1107 3667 1263 3749 περὶ
1300 3664 1607 3744 ζῶντος’
1589 3664 1905 3752 ε’γραφεν·
1954 3691 2028 3731 ου
2072 3666 2197 3751 γὰρ
2245 3665 2586 3754 εὑρίσκου-

435 3788 542 3831 σιν
588 3758 848 3843 οὗτινος
893 3765 1079 3832 ε’νεκα
1124 3760 1430 3851 ἐψεύδετ’
1484 3794 1584 3832 αν.

334 3876 404 3929 41
602 3875 705 3935 41.
770 3872 1091 3945 Τοιοῦτος
1148 3865 1263 3933 οὐν
1319 3893 1437 3951 μοι
1483 3864 1517 3934 0‘
1569 3891 1981 3956 συγγραφευς
2037 3869 2240 3951 έστω,
2301 3867 2584 3995 ἄφοβος,

434 3963 815 4050 ἀδέκαστος,
864 3969 1237 4055 ἐλεύθερος,
1285 3977 1666 4057 παρρησίας
1696 3973 1807 4036 καὶ
1849 3964 2178 4053 ἀληθείας
2224 3975 2441 4059 φίλος,
2491 4001 2587 4053 ως
