<?xml version="1.0" encoding="UTF-8"?>
<!DOCTYPE html PUBLIC "-//W3C//DTD XHTML 1.0 Transitional//EN"
    "http://www.w3.org/TR/xhtml1/DTD/xhtml1-transitional.dtd">
<html xmlns="http://www.w3.org/1999/xhtml" xml:lang="en" lang="en">
 <head>
  <title>
</title>
<meta http-equiv="Content-Type" content="text/html;charset=utf-8" />
  <meta name='ocr-system' content='tesseract 3.04.00' />
  <meta name='ocr-capabilities' content='ocr_page ocr_carea ocr_par ocr_line ocrx_word'/>
</head>
<body>
  <div class='ocr_page' id='page_1' title='image "./lucianus00sommgoog/lucianus00sommgoog_0141.png"; bbox 0 0 2800 4500; ppageno 0'>
   <div class='ocr_carea' id='block_1_1' title="bbox 709 250 2302 309">
    <p class='ocr_par' dir='ltr' id='par_1_1' title="bbox 709 250 2302 309">
     <span class='ocr_line' id='line_1_1' title="bbox 709 250 2302 309; baseline 0.002 -5"><span class='ocrx_word' id='word_1_1' title='bbox 709 252 1141 305; x_wconf 77' lang='grc' dir='ltr'><strong>ΑΛΕΞΑΝΔΡΟΣ</strong></span> <span class='ocrx_word' id='word_1_2' title='bbox 1173 252 1219 304; x_wconf 80' lang='grc' dir='ltr'><strong>Η</strong></span> <span class='ocrx_word' id='word_1_3' title='bbox 1257 250 1749 305; x_wconf 80' lang='grc' dir='ltr'><strong>ΨΕΥΔΟΜΑΝΤΙΣ.</strong></span> <span class='ocrx_word' id='word_1_4' title='bbox 2182 251 2302 309; x_wconf 82' lang='grc'><strong><em>125</em></strong></span> 
     </span>
    </p>
   </div>
   <div class='ocr_carea' id='block_1_2' title="bbox 61 414 2320 2454">
    <p class='ocr_par' dir='ltr' id='par_1_2' title="bbox 61 414 2320 2454">
     <span class='ocr_line' id='line_1_2' title="bbox 189 414 2305 510; baseline 0 -23"><span class='ocrx_word' id='word_1_5' title='bbox 189 423 414 509; x_wconf 86' lang='grc' dir='ltr'><strong><em>πολλῆς</em></strong></span> <span class='ocrx_word' id='word_1_6' title='bbox 457 421 971 510; x_wconf 80' lang='grc' dir='ltr'><strong><em>φιλοφροσύνης.</em></strong></span> <span class='ocrx_word' id='word_1_7' title='bbox 1060 418 1284 487; x_wconf 72' lang='grc' dir='ltr'><strong><em>ἐλθὼν</em></strong></span> <span class='ocrx_word' id='word_1_8' title='bbox 1332 414 1387 487; x_wconf 73' lang='grc' dir='ltr'><strong><em>δ’</em></strong></span> <span class='ocrx_word' id='word_1_9' title='bbox 1442 420 1567 508; x_wconf 78' lang='grc' dir='ltr'><strong><em>ἐγώ</em></strong></span> <span class='ocrx_word' id='word_1_10' title='bbox 1614 420 1909 498; x_wconf 82' lang='grc' dir='ltr'><strong><em>πολλοὺς</em></strong></span> <span class='ocrx_word' id='word_1_11' title='bbox 1962 423 2305 505; x_wconf 82' lang='grc' dir='ltr'><strong><em>καταλαμ-</em></strong></span> 
     </span>
     <span class='ocr_line' id='line_1_3' title="bbox 185 518 2307 613; baseline 0 -24"><span class='ocrx_word' id='word_1_12' title='bbox 185 524 346 607; x_wconf 85' lang='grc' dir='ltr'><strong><em>βάνω</em></strong></span> <span class='ocrx_word' id='word_1_13' title='bbox 385 527 545 608; x_wconf 88' lang='grc' dir='ltr'><strong><em>περὶ</em></strong></span> <span class='ocrx_word' id='word_1_14' title='bbox 590 518 821 591; x_wconf 68' lang='grc' dir='ltr'><strong><em>αὐτόν*</em></strong></span> <span class='ocrx_word' id='word_1_15' title='bbox 884 523 1349 613; x_wconf 74' lang='grc' dir='ltr'><em>συνεπηγόμην</em></span> <span class='ocrx_word' id='word_1_16' title='bbox 1395 524 1468 590; x_wconf 80' lang='grc' dir='ltr'><strong><em>δὲ</em></strong></span> <span class='ocrx_word' id='word_1_17' title='bbox 1510 527 1621 590; x_wconf 84' lang='grc' dir='ltr'><strong><em>καὶ</em></strong></span> <span class='ocrx_word' id='word_1_18' title='bbox 1677 522 1833 601; x_wconf 83' lang='grc' dir='ltr'><strong><em>τοὺς</em></strong></span> <span class='ocrx_word' id='word_1_19' title='bbox 1892 524 2307 609; x_wconf 75' lang='grc' dir='ltr'><strong><em>στρατιώτας</em></strong></span> 
     </span>
     <span class='ocr_line' id='line_1_4' title="bbox 188 621 2308 714; baseline 0 -22"><span class='ocrx_word' id='word_1_20' title='bbox 188 625 322 713; x_wconf 85' lang='grc' dir='ltr'><strong><em>τύχῃ</em></strong></span> <span class='ocrx_word' id='word_1_21' title='bbox 374 630 507 694; x_wconf 86' lang='grc' dir='ltr'><strong><em>τινὶ</em></strong></span> <span class='ocrx_word' id='word_1_22' title='bbox 566 621 813 714; x_wconf 68' lang='grc' dir='ltr'><strong><em>ἀγαθῇ.</em></strong></span> <span class='ocrx_word' id='word_1_23' title='bbox 902 628 1015 693; x_wconf 88' lang='grc' dir='ltr'><strong><em>καὶ</em></strong></span> <span class='ocrx_word' id='word_1_24' title='bbox 1073 622 1107 692; x_wconf 85' lang='grc' dir='ltr'>ὅ</span> <span class='ocrx_word' id='word_1_25' title='bbox 1170 627 1292 710; x_wconf 80' lang='grc' dir='ltr'><strong><em>μὲν</em></strong></span> <span class='ocrx_word' id='word_1_26' title='bbox 1352 621 1708 712; x_wconf 74' lang='grc' dir='ltr'><strong><em>προῦτεινέ</em></strong></span> <span class='ocrx_word' id='word_1_27' title='bbox 1762 651 1882 710; x_wconf 89' lang='grc' dir='ltr'><strong><em>μοι</em></strong></span> <span class='ocrx_word' id='word_1_28' title='bbox 1937 624 2134 693; x_wconf 85' lang='grc' dir='ltr'><strong><em>κύσαι</em></strong></span> <span class='ocrx_word' id='word_1_29' title='bbox 2190 624 2308 712; x_wconf 87' lang='grc' dir='ltr'><strong><em>τὴν</em></strong></span> 
     </span>
     <span class='ocr_line' id='line_1_5' title="bbox 190 721 2309 816; baseline 0.001 -25"><span class='ocrx_word' id='word_1_30' title='bbox 190 727 412 810; x_wconf 81' lang='grc' dir='ltr'><strong><em>δεξιάν,</em></strong></span> <span class='ocrx_word' id='word_1_31' title='bbox 473 721 703 814; x_wconf 88' lang='grc' dir='ltr'><strong><em>ω’σπερ</em></strong></span> <span class='ocrx_word' id='word_1_32' title='bbox 750 727 990 795; x_wconf 69' lang='grc' dir='ltr'><strong><em>εἰώθει</em></strong></span> <span class='ocrx_word' id='word_1_33' title='bbox 1030 741 1175 806; x_wconf 83' lang='grc' dir='ltr'><strong><em>τοῖς</em></strong></span> <span class='ocrx_word' id='word_1_34' title='bbox 1219 729 1520 809; x_wconf 83' lang='grc' dir='ltr'><strong><em>πολλοῖς,</em></strong></span> <span class='ocrx_word' id='word_1_35' title='bbox 1568 727 1694 813; x_wconf 82' lang='grc' dir='ltr'><strong><em>ἐγω</em></strong></span> <span class='ocrx_word' id='word_1_36' title='bbox 1741 727 1815 795; x_wconf 76' lang='grc' dir='ltr'><strong><em>δὲ</em></strong></span> <span class='ocrx_word' id='word_1_37' title='bbox 1858 726 2172 816; x_wconf 79' lang='grc' dir='ltr'><strong><em>προσφὺς</em></strong></span> <span class='ocrx_word' id='word_1_38' title='bbox 2217 724 2309 806; x_wconf 78' lang='grc' dir='ltr'><strong><em>ὥς</em></strong></span> 
     </span>
     <span class='ocr_line' id='line_1_6' title="bbox 61 823 2309 918; baseline 0 -24"><span class='ocrx_word' id='word_1_39' title='bbox 61 881 62 888; x_wconf 33' lang='lat'>1</span> <span class='ocrx_word' id='word_1_40' title='bbox 188 828 460 915; x_wconf 83' lang='grc' dir='ltr'><strong><em>φιλήσων</em></strong></span> <span class='ocrx_word' id='word_1_41' title='bbox 507 830 790 917; x_wconf 76' lang='grc' dir='ltr'><strong><em>δήγματι</em></strong></span> <span class='ocrx_word' id='word_1_42' title='bbox 828 833 1094 918; x_wconf 78' lang='grc' dir='ltr'><strong><em>χρηστῷ</em></strong></span> <span class='ocrx_word' id='word_1_43' title='bbox 1140 829 1318 896; x_wconf 87' lang='grc' dir='ltr'><strong><em>πάνυ</em></strong></span> <span class='ocrx_word' id='word_1_44' title='bbox 1362 833 1601 917; x_wconf 79' lang='grc' dir='ltr'><strong><em>μικροῦ</em></strong></span> <span class='ocrx_word' id='word_1_45' title='bbox 1658 831 1798 897; x_wconf 87' lang='grc' dir='ltr'><strong><em>δεῖν</em></strong></span> <span class='ocrx_word' id='word_1_46' title='bbox 1850 828 2068 918; x_wconf 82' lang='grc' dir='ltr'><strong><em>χωλὴν</em></strong></span> <span class='ocrx_word' id='word_1_47' title='bbox 2127 823 2309 915; x_wconf 73' lang='grc' dir='ltr'><strong><em>αὐτῷ</em></strong></span> 
     </span>
     <span class='ocr_line' id='line_1_7' title="bbox 187 928 2309 1022; baseline -0.001 -22"><span class='ocrx_word' id='word_1_48' title='bbox 187 932 283 1021; x_wconf 81' lang='grc' dir='ltr'><strong><em>τὴν</em></strong></span> <span class='ocrx_word' id='word_1_49' title='bbox 320 947 506 1019; x_wconf 85' lang='grc' dir='ltr'><strong><em>χεῖρα</em></strong></span> <span class='ocrx_word' id='word_1_50' title='bbox 551 932 862 1022; x_wconf 79' lang='grc' dir='ltr'><strong><em>ἐποίησα.</em></strong></span> <span class='ocrx_word' id='word_1_51' title='bbox 954 933 1021 999; x_wconf 79' lang='grc' dir='ltr'><strong><em>οἱ</em></strong></span> <span class='ocrx_word' id='word_1_52' title='bbox 1063 933 1183 1016; x_wconf 81' lang='grc' dir='ltr'><strong><em>μὲν</em></strong></span> <span class='ocrx_word' id='word_1_53' title='bbox 1227 958 1347 998; x_wconf 88' lang='grc' dir='ltr'><strong><em>ουν</em></strong></span> <span class='ocrx_word' id='word_1_54' title='bbox 1390 932 1725 1018; x_wconf 79' lang='grc' dir='ltr'><strong><em>παρόντες</em></strong></span> <span class='ocrx_word' id='word_1_55' title='bbox 1784 928 2003 1019; x_wconf 87' lang='grc' dir='ltr'><strong><em>άγχειν</em></strong></span> <span class='ocrx_word' id='word_1_56' title='bbox 2059 956 2144 1016; x_wconf 83' lang='grc' dir='ltr'><strong><em>με</em></strong></span> <span class='ocrx_word' id='word_1_57' title='bbox 2198 935 2309 998; x_wconf 87' lang='grc' dir='ltr'><strong><em>καὶ</em></strong></span> 
     </span>
     <span class='ocr_line' id='line_1_8' title="bbox 188 1030 2310 1124; baseline 0 -24"><span class='ocrx_word' id='word_1_58' title='bbox 188 1043 390 1103; x_wconf 82' lang='grc' dir='ltr'><strong><em>παίειν</em></strong></span> <span class='ocrx_word' id='word_1_59' title='bbox 435 1036 803 1124; x_wconf 86' lang='grc' dir='ltr'><strong><em>ἐπειρῶντο</em></strong></span> <span class='ocrx_word' id='word_1_60' title='bbox 855 1031 949 1113; x_wconf 82' lang='grc' dir='ltr'><strong><em>ὥς</em></strong></span> <span class='ocrx_word' id='word_1_61' title='bbox 1008 1034 1385 1120; x_wconf 83' lang='grc' dir='ltr'><strong><em>ἱερόσυλον,</em></strong></span> <span class='ocrx_word' id='word_1_62' title='bbox 1430 1037 1547 1102; x_wconf 82' lang='grc' dir='ltr'><strong><em>καὶ</em></strong></span> <span class='ocrx_word' id='word_1_63' title='bbox 1603 1033 1932 1120; x_wconf 86' lang='grc' dir='ltr'><strong><em>πρότερον</em></strong></span> <span class='ocrx_word' id='word_1_64' title='bbox 1992 1033 2091 1102; x_wconf 85' lang='grc' dir='ltr'><strong><em>ε’τι</em></strong></span> <span class='ocrx_word' id='word_1_65' title='bbox 2146 1030 2310 1120; x_wconf 74' lang='grc' dir='ltr'><strong><em>ἄγα-</em></strong></span> 
     </span>
     <span class='ocr_line' id='line_1_9' title="bbox 187 1129 2312 1227; baseline 0 -24"><span class='ocrx_word' id='word_1_66' title='bbox 187 1139 597 1226; x_wconf 83' lang='grc' dir='ltr'><strong><em>νακτήσαντες</em></strong></span> <span class='ocrx_word' id='word_1_67' title='bbox 638 1130 747 1204; x_wconf 88' lang='grc' dir='ltr'><strong><em>ότι</em></strong></span> <span class='ocrx_word' id='word_1_68' title='bbox 783 1130 1226 1225; x_wconf 77' lang='grc' dir='ltr'><strong><em>Ἁλέξανδρον</em></strong></span> <span class='ocrx_word' id='word_1_69' title='bbox 1281 1129 1515 1217; x_wconf 70' lang='grc' dir='ltr'><strong><em>αὐτόν,</em></strong></span> <span class='ocrx_word' id='word_1_70' title='bbox 1578 1129 1750 1203; x_wconf 72' lang='grc' dir='ltr'><strong><em>ἄλλα</em></strong></span> <span class='ocrx_word' id='word_1_71' title='bbox 1807 1136 1897 1222; x_wconf 86' lang='grc' dir='ltr'><strong><em>μὴ</em></strong></span> <span class='ocrx_word' id='word_1_72' title='bbox 1957 1133 2312 1227; x_wconf 79' lang='grc' dir='ltr'><strong><em>προφήτην</em></strong></span> 
     </span>
     <span class='ocr_line' id='line_1_10' title="bbox 187 1236 2316 1325; baseline 0.001 -22"><span class='ocrx_word' id='word_1_73' title='bbox 187 1254 567 1323; x_wconf 78' lang='grc' dir='ltr'><strong><em>προσεῖπον·</em></strong></span> <span class='ocrx_word' id='word_1_74' title='bbox 644 1236 679 1306; x_wconf 84' lang='grc' dir='ltr'>ὁ</span> <span class='ocrx_word' id='word_1_75' title='bbox 755 1239 833 1305; x_wconf 83' lang='grc' dir='ltr'><strong><em>δὲ</em></strong></span> <span class='ocrx_word' id='word_1_76' title='bbox 906 1237 1088 1306; x_wconf 84' lang='grc' dir='ltr'><strong><em>πάνυ</em></strong></span> <span class='ocrx_word' id='word_1_77' title='bbox 1159 1242 1434 1324; x_wconf 79' lang='grc' dir='ltr'><strong><em>γενικῶς</em></strong></span> <span class='ocrx_word' id='word_1_78' title='bbox 1504 1237 1916 1325; x_wconf 82' lang='grc' dir='ltr'><strong><em>καρτερήσας</em></strong></span> <span class='ocrx_word' id='word_1_79' title='bbox 1979 1244 2316 1306; x_wconf 86' lang='grc' dir='ltr'><strong><em>κατέπαυέ</em></strong></span> 
     </span>
     <span class='ocr_line' id='line_1_11' title="bbox 187 1335 2315 1430; baseline 0.002 -24"><span class='ocrx_word' id='word_1_80' title='bbox 187 1366 246 1407; x_wconf 85' lang='grc' dir='ltr'><strong><em>τε</em></strong></span> <span class='ocrx_word' id='word_1_81' title='bbox 282 1336 515 1420; x_wconf 74' lang='grc' dir='ltr'><strong><em>αὐτοὺς</em></strong></span> <span class='ocrx_word' id='word_1_82' title='bbox 555 1345 666 1408; x_wconf 81' lang='grc' dir='ltr'><strong><em>καὶ</em></strong></span> <span class='ocrx_word' id='word_1_83' title='bbox 710 1337 1099 1423; x_wconf 75' lang='grc' dir='ltr'><strong><em>ὑπισχνεῖτο</em></strong></span> <span class='ocrx_word' id='word_1_84' title='bbox 1144 1342 1440 1408; x_wconf 72' lang='grc' dir='ltr'><strong><em>τιθασόν</em></strong></span> <span class='ocrx_word' id='word_1_85' title='bbox 1483 1366 1568 1425; x_wconf 86' lang='grc' dir='ltr'><strong><em>με</em></strong></span> <span class='ocrx_word' id='word_1_86' title='bbox 1625 1340 1875 1429; x_wconf 78' lang='grc' dir='ltr'><strong><em>ῥᾳδίως</em></strong></span> <span class='ocrx_word' id='word_1_87' title='bbox 1932 1335 2315 1430; x_wconf 73' lang='grc' dir='ltr'><strong><em>ἀποφανεῖν</em></strong></span> 
     </span>
     <span class='ocr_line' id='line_1_12' title="bbox 187 1437 2314 1530; baseline 0.001 -22"><span class='ocrx_word' id='word_1_88' title='bbox 187 1446 276 1509; x_wconf 82' lang='grc' dir='ltr'><strong><em>καὶ</em></strong></span> <span class='ocrx_word' id='word_1_89' title='bbox 330 1444 570 1522; x_wconf 77' lang='grc' dir='ltr'><strong><em>δείξειν</em></strong></span> <span class='ocrx_word' id='word_1_90' title='bbox 633 1443 754 1530; x_wconf 76' lang='grc' dir='ltr'><strong><em>τήν</em></strong></span> <span class='ocrx_word' id='word_1_91' title='bbox 811 1443 1158 1520; x_wconf 81' lang='grc' dir='ltr'><strong><em>Γλύκωνος</em></strong></span> <span class='ocrx_word' id='word_1_92' title='bbox 1225 1437 1497 1529; x_wconf 84' lang='grc' dir='ltr'><strong><em>άρετήν,</em></strong></span> <span class='ocrx_word' id='word_1_93' title='bbox 1562 1442 1673 1510; x_wconf 74' lang='grc' dir='ltr'><strong><em>ὅτι</em></strong></span> <span class='ocrx_word' id='word_1_94' title='bbox 1736 1446 1849 1509; x_wconf 75' lang='grc' dir='ltr'><strong><em>καὶ</em></strong></span> <span class='ocrx_word' id='word_1_95' title='bbox 1914 1442 2071 1522; x_wconf 80' lang='grc' dir='ltr'><strong><em>τοὺς</em></strong></span> <span class='ocrx_word' id='word_1_96' title='bbox 2137 1444 2314 1511; x_wconf 88' lang='grc' dir='ltr'><strong><em>πάνυ</em></strong></span> 
     </span>
     <span class='ocr_line' id='line_1_13' title="bbox 187 1539 2316 1633; baseline 0.002 -24"><span class='ocrx_word' id='word_1_97' title='bbox 187 1552 679 1630; x_wconf 82' lang='grc' dir='ltr'><strong><em>τραχυνομένους</em></strong></span> <span class='ocrx_word' id='word_1_98' title='bbox 732 1547 975 1633; x_wconf 85' lang='grc' dir='ltr'><strong><em>φίλους</em></strong></span> <span class='ocrx_word' id='word_1_99' title='bbox 1020 1539 1504 1631; x_wconf 77' lang='grc' dir='ltr'><strong><em>ἀπεργάζεται·</em></strong></span> <span class='ocrx_word' id='word_1_100' title='bbox 1563 1548 1678 1611; x_wconf 89' lang='grc' dir='ltr'><strong><em>καὶ</em></strong></span> <span class='ocrx_word' id='word_1_101' title='bbox 1729 1546 2316 1633; x_wconf 80' lang='grc' dir='ltr'><strong><em>μεταστησάμενος</em></strong></span> 
     </span>
     <span class='ocr_line' id='line_1_14' title="bbox 61 1640 2313 1746; baseline 0.001 -34"><span class='ocrx_word' id='word_1_102' title='bbox 61 1731 64 1746; x_wconf 27' lang='grc' dir='ltr'><strong>μ</strong></span> <span class='ocrx_word' id='word_1_103' title='bbox 190 1640 466 1727; x_wconf 64' lang='grc' dir='ltr'><strong><em>ἅπαντας</em></strong></span> <span class='ocrx_word' id='word_1_104' title='bbox 514 1649 1029 1732; x_wconf 76' lang='grc' dir='ltr'><strong><em>ἐδικαιολογεῖτο</em></strong></span> <span class='ocrx_word' id='word_1_105' title='bbox 1074 1648 1249 1735; x_wconf 89' lang='grc' dir='ltr'><strong><em>πρός</em></strong></span> <span class='ocrx_word' id='word_1_106' title='bbox 1289 1672 1376 1731; x_wconf 86' lang='grc' dir='ltr'><strong><em>με</em></strong></span> <span class='ocrx_word' id='word_1_107' title='bbox 1421 1649 1627 1734; x_wconf 77' lang='grc' dir='ltr'><strong><em>λέγων</em></strong></span> <span class='ocrx_word' id='word_1_108' title='bbox 1680 1647 1866 1714; x_wconf 89' lang='grc' dir='ltr'><strong><em>πάνυ</em></strong></span> <span class='ocrx_word' id='word_1_109' title='bbox 1911 1646 2161 1715; x_wconf 81' lang='grc' dir='ltr'><strong><em>εἰδέναι</em></strong></span> <span class='ocrx_word' id='word_1_110' title='bbox 2203 1651 2313 1714; x_wconf 86' lang='grc' dir='ltr'><strong><em>καὶ</em></strong></span> 
     </span>
     <span class='ocr_line' id='line_1_15' title="bbox 61 1747 2315 1837; baseline -0.001 -19"><span class='ocrx_word' id='word_1_111' title='bbox 61 1753 64 1826; x_wconf 76' lang='grc' dir='ltr'>ἰ</span> <span class='ocrx_word' id='word_1_112' title='bbox 122 1749 255 1818; x_wconf 68' lang='grc' dir='ltr'><strong><em>ιθοτὰ</em></strong></span> <span class='ocrx_word' id='word_1_113' title='bbox 306 1747 412 1817; x_wconf 76' lang='grc' dir='ltr'><strong><em>ὑπ’</em></strong></span> <span class='ocrx_word' id='word_1_114' title='bbox 477 1751 645 1834; x_wconf 82' lang='grc' dir='ltr'><strong><em>ἐμοῦ</em></strong></span> <span class='ocrx_word' id='word_1_115' title='bbox 689 1747 1116 1837; x_wconf 74' lang='grc' dir='ltr'><strong><em>Ῥουτιλιανῷ</em></strong></span> <span class='ocrx_word' id='word_1_116' title='bbox 1162 1750 1771 1836; x_wconf 80' lang='grc' dir='ltr'><strong><em>συμβουλευόμενα,</em></strong></span> <span class='ocrx_word' id='word_1_117' title='bbox 1828 1751 1942 1816; x_wconf 84' lang='grc' dir='ltr'><strong><em>καὶ</em></strong></span> <span class='ocrx_word' id='word_1_118' title='bbox 1986 1755 2123 1830; x_wconf 73' lang='lat' dir='ltr'><strong><em>„Tc</em></strong></span> <span class='ocrx_word' id='word_1_119' title='bbox 2177 1775 2315 1816; x_wconf 85' lang='grc' dir='ltr'><strong><em>πα·</em></strong></span> 
     </span>
     <span class='ocr_line' id='line_1_16' title="bbox 61 1833 2316 1939; baseline 0.001 -22"><span class='ocrx_word' id='word_1_120' title='bbox 61 1833 64 1868; x_wconf 63' lang='lat'><strong>²</strong></span> <span class='ocrx_word' id='word_1_121' title='bbox 189 1851 310 1919; x_wconf 75' lang='grc' dir='ltr'><strong><em>θὼν</em></strong></span> <span class='ocrx_word' id='word_1_122' title='bbox 348 1854 514 1921; x_wconf 89' lang='grc' dir='ltr'><strong><em>τάδε</em></strong></span> <span class='ocrx_word' id='word_1_123' title='bbox 557 1878 641 1938; x_wconf 83' lang='grc' dir='ltr'><strong><em>με</em></strong></span> <span class='ocrx_word' id='word_1_124' title='bbox 685 1853 973 1939; x_wconf 79' lang='grc' dir='ltr'><strong><em>εἰργάσω</em></strong></span> <span class='ocrx_word' id='word_1_125' title='bbox 1020 1853 1385 1937; x_wconf 88' lang='grc' dir='ltr'><strong><em>δυνάμενος</em></strong></span> <span class='ocrx_word' id='word_1_126' title='bbox 1425 1846 1537 1919; x_wconf 73' lang='grc' dir='ltr'><strong><em>ὑπ’</em></strong></span> <span class='ocrx_word' id='word_1_127' title='bbox 1590 1852 1753 1936; x_wconf 81' lang='grc' dir='ltr'><strong><em>ἐμοῦ</em></strong></span> <span class='ocrx_word' id='word_1_128' title='bbox 1798 1850 1915 1918; x_wconf 84' lang='grc' dir='ltr'><strong><em>ἐπὶ</em></strong></span> <span class='ocrx_word' id='word_1_129' title='bbox 1944 1856 2114 1937; x_wconf 85' lang='grc' dir='ltr'><strong><em>μέγα</em></strong></span> <span class='ocrx_word' id='word_1_130' title='bbox 2145 1877 2316 1937; x_wconf 89' lang='grc' dir='ltr'><strong><em>προ·-</em></strong></span> 
     </span>
     <span class='ocr_line' id='line_1_17' title="bbox 191 1947 2317 2044; baseline 0.001 -26"><span class='ocrx_word' id='word_1_131' title='bbox 191 1959 456 2044; x_wconf 64' lang='grc' dir='ltr'><strong><em>αχθῆναι</em></strong></span> <span class='ocrx_word' id='word_1_132' title='bbox 515 1948 673 2041; x_wconf 71' lang='grc' dir='ltr'><strong><em>παρ’</em></strong></span> <span class='ocrx_word' id='word_1_133' title='bbox 742 1952 1005 2041; x_wconf 73' lang='grc' dir='ltr'><strong><em>αύτῴ,·“</em></strong></span> <span class='ocrx_word' id='word_1_134' title='bbox 1059 1950 1240 2042; x_wconf 77' lang='grc' dir='ltr'><strong><em>κάγώ</em></strong></span> <span class='ocrx_word' id='word_1_135' title='bbox 1306 1952 1594 2039; x_wconf 71' lang='grc' dir='ltr'><strong><em>ἅσμενος</em></strong></span> <span class='ocrx_word' id='word_1_136' title='bbox 1650 1950 1775 2043; x_wconf 86' lang='grc' dir='ltr'><strong><em>ἤδη</em></strong></span> <span class='ocrx_word' id='word_1_137' title='bbox 1830 1947 2143 2042; x_wconf 77' lang='grc' dir='ltr'><strong><em>ἐδεχόμην</em></strong></span> <span class='ocrx_word' id='word_1_138' title='bbox 2197 1953 2317 2040; x_wconf 89' lang='grc' dir='ltr'><strong><em>τὴν</em></strong></span> 
     </span>
     <span class='ocr_line' id='line_1_18' title="bbox 192 2055 2317 2146; baseline 0 -23"><span class='ocrx_word' id='word_1_139' title='bbox 192 2058 669 2145; x_wconf 85' lang='grc' dir='ltr'><strong><em>φιλοφροσύνην</em></strong></span> <span class='ocrx_word' id='word_1_140' title='bbox 732 2058 1011 2146; x_wconf 88' lang='grc' dir='ltr'><strong><em>ταύτην,</em></strong></span> <span class='ocrx_word' id='word_1_141' title='bbox 1082 2055 1256 2144; x_wconf 81' lang='grc' dir='ltr'><strong><em>ὁρῶν</em></strong></span> <span class='ocrx_word' id='word_1_142' title='bbox 1321 2056 1394 2125; x_wconf 84' lang='grc' dir='ltr'><strong><em>οἶ</em></strong></span> <span class='ocrx_word' id='word_1_143' title='bbox 1453 2056 1757 2125; x_wconf 89' lang='grc' dir='ltr'><strong><em>κινδύνου</em></strong></span> <span class='ocrx_word' id='word_1_144' title='bbox 1827 2057 2317 2145; x_wconf 74' lang='grc' dir='ltr'><strong><em>καθειστήκειν,</em></strong></span> 
     </span>
     <span class='ocr_line' id='line_1_19' title="bbox 192 2154 2318 2251; baseline 0.001 -28"><span class='ocrx_word' id='word_1_145' title='bbox 192 2162 281 2225; x_wconf 86' lang='grc' dir='ltr'><strong><em>καὶ</em></strong></span> <span class='ocrx_word' id='word_1_146' title='bbox 319 2155 454 2244; x_wconf 68' lang='grc' dir='ltr'><strong><em>μετ’</em></strong></span> <span class='ocrx_word' id='word_1_147' title='bbox 510 2154 738 2246; x_wconf 78' lang='grc' dir='ltr'><strong><em>ὀλίγον</em></strong></span> <span class='ocrx_word' id='word_1_148' title='bbox 782 2163 1138 2251; x_wconf 69' lang='grc' dir='ltr'><strong><em>προῆλθον</em></strong></span> <span class='ocrx_word' id='word_1_149' title='bbox 1179 2163 1381 2249; x_wconf 79' lang='grc' dir='ltr'><strong><em>φίλος</em></strong></span> <span class='ocrx_word' id='word_1_150' title='bbox 1435 2164 1878 2249; x_wconf 83' lang='grc' dir='ltr'><strong><em>γεγενημένος.</em></strong></span> <span class='ocrx_word' id='word_1_151' title='bbox 1966 2162 2079 2227; x_wconf 85' lang='grc' dir='ltr'><strong><em>καὶ</em></strong></span> <span class='ocrx_word' id='word_1_152' title='bbox 2121 2163 2318 2225; x_wconf 81' lang='grc' dir='ltr'><strong><em>τοῦτο</em></strong></span> 
     </span>
     <span class='ocr_line' id='line_1_20' title="bbox 193 2256 2320 2349; baseline 0 -22"><span class='ocrx_word' id='word_1_153' title='bbox 193 2256 253 2327; x_wconf 80' lang='grc' dir='ltr'><strong><em>οὗ</em></strong></span> <span class='ocrx_word' id='word_1_154' title='bbox 301 2262 539 2348; x_wconf 83' lang='grc' dir='ltr'><strong><em>μικρὸν</em></strong></span> <span class='ocrx_word' id='word_1_155' title='bbox 583 2268 824 2348; x_wconf 71' lang='grc' dir='ltr'><strong><em>θαῦμα</em></strong></span> <span class='ocrx_word' id='word_1_156' title='bbox 879 2278 1024 2342; x_wconf 91' lang='grc' dir='ltr'><strong><em>τοῖς</em></strong></span> <span class='ocrx_word' id='word_1_157' title='bbox 1078 2261 1327 2349; x_wconf 78' lang='grc' dir='ltr'><strong><em>ὁρῶσιν</em></strong></span> <span class='ocrx_word' id='word_1_158' title='bbox 1385 2263 1643 2344; x_wconf 72' lang='grc' dir='ltr'><strong><em>ἔδοξεν,</em></strong></span> <span class='ocrx_word' id='word_1_159' title='bbox 1698 2256 1875 2330; x_wconf 74' lang='grc' dir='ltr'><strong><em>οῧτω</em></strong></span> <span class='ocrx_word' id='word_1_160' title='bbox 1933 2286 2061 2345; x_wconf 91' lang='grc' dir='ltr'><strong><em>μου</em></strong></span> <span class='ocrx_word' id='word_1_161' title='bbox 2119 2261 2320 2349; x_wconf 80' lang='grc' dir='ltr'><strong><em>ῥᾳδία</em></strong></span> 
     </span>
     <span class='ocr_line' id='line_1_21' title="bbox 190 2364 967 2454; baseline 0.003 -24"><span class='ocrx_word' id='word_1_162' title='bbox 190 2372 479 2454; x_wconf 79' lang='grc' dir='ltr'><strong><em>γενομένη</em></strong></span> <span class='ocrx_word' id='word_1_163' title='bbox 526 2364 567 2454; x_wconf 84' lang='grc' dir='ltr'><em>ἡ</em></span> <span class='ocrx_word' id='word_1_164' title='bbox 613 2366 967 2454; x_wconf 82' lang='grc' dir='ltr'><strong><em>μεταβολή.</em></strong></span> 
     </span>
    </p>
   </div>
   <div class='ocr_carea' id='block_1_3' title="bbox 335 2464 2421 2557">
    <p class='ocr_par' dir='ltr' id='par_1_3' title="bbox 335 2464 2421 2557">
     <span class='ocr_line' id='line_1_22' title="bbox 335 2464 2421 2557; baseline 0 -21"><span class='ocrx_word' id='word_1_165' title='bbox 335 2476 435 2537; x_wconf 87' lang='grc'><strong><em>56.</em></strong></span> <span class='ocrx_word' id='word_1_166' title='bbox 500 2464 669 2535; x_wconf 85' lang='grc' dir='ltr'><strong><em>Εἶτα</em></strong></span> <span class='ocrx_word' id='word_1_167' title='bbox 727 2468 806 2557; x_wconf 86' lang='grc' dir='ltr'><strong><em>δή</em></strong></span> <span class='ocrx_word' id='word_1_168' title='bbox 865 2494 993 2553; x_wconf 90' lang='grc' dir='ltr'><strong><em>μου</em></strong></span> <span class='ocrx_word' id='word_1_169' title='bbox 1050 2468 1314 2535; x_wconf 76' lang='grc' dir='ltr'><strong><em>ἐκπλεῖν</em></strong></span> <span class='ocrx_word' id='word_1_170' title='bbox 1373 2471 1907 2554; x_wconf 86' lang='grc' dir='ltr'><strong><em>προαιρουμένου</em></strong></span> <span class='ocrx_word' id='word_1_171' title='bbox 1967 2466 2149 2544; x_wconf 84' lang='grc' dir='ltr'><strong><em>ξένια</em></strong></span> <span class='ocrx_word' id='word_1_172' title='bbox 2204 2468 2317 2532; x_wconf 87' lang='grc' dir='ltr'><strong><em>καὶ</em></strong></span> <span class='ocrx_word' id='word_1_173' title='bbox 2345 2482 2421 2536; x_wconf 76' lang='lat'><strong><em>56</em></strong></span> 
     </span>
    </p>
   </div>
   <div class='ocr_carea' id='block_1_4' title="bbox 126 2567 2324 4088">
    <p class='ocr_par' dir='ltr' id='par_1_4' title="bbox 126 2567 2324 4088">
     <span class='ocr_line' id='line_1_23' title="bbox 192 2567 2319 2657; baseline 0 -24"><span class='ocrx_word' id='word_1_174' title='bbox 192 2568 350 2657; x_wconf 80' lang='grc' dir='ltr'><strong><em>δῶρα</em></strong></span> <span class='ocrx_word' id='word_1_175' title='bbox 393 2569 623 2637; x_wconf 85' lang='grc' dir='ltr'><strong><em>πολλὰ</em></strong></span> <span class='ocrx_word' id='word_1_176' title='bbox 667 2575 953 2655; x_wconf 83' lang='grc' dir='ltr'><strong><em>πέμψας</em></strong></span> <span class='ocrx_word' id='word_1_177' title='bbox 994 2606 1079 2619; x_wconf 90' lang='lat'><strong><em>-—-</em></strong></span> <span class='ocrx_word' id='word_1_178' title='bbox 1122 2570 1327 2654; x_wconf 85' lang='grc' dir='ltr'><strong><em>μόνος</em></strong></span> <span class='ocrx_word' id='word_1_179' title='bbox 1374 2570 1446 2635; x_wconf 80' lang='grc' dir='ltr'><strong><em>δὲ</em></strong></span> <span class='ocrx_word' id='word_1_180' title='bbox 1477 2567 1597 2636; x_wconf 76' lang='grc' dir='ltr'><strong><em>σὺν</em></strong></span> <span class='ocrx_word' id='word_1_181' title='bbox 1626 2572 1720 2655; x_wconf 72' lang='grc' dir='ltr'><strong><em>τῷ</em></strong></span> <span class='ocrx_word' id='word_1_182' title='bbox 1751 2570 2142 2656; x_wconf 81' lang='grc' dir='ltr'><strong><em>Ξενοφῶντι</em></strong></span> <span class='ocrx_word' id='word_1_183' title='bbox 2173 2567 2319 2634; x_wconf 74' lang='grc' dir='ltr'><strong><em>ἐτυ-</em></strong></span> 
     </span>
     <span class='ocr_line' id='line_1_24' title="bbox 189 2666 2319 2761; baseline 0 -25"><span class='ocrx_word' id='word_1_184' title='bbox 189 2695 286 2751; x_wconf 90' lang='grc' dir='ltr'><strong><em>χον</em></strong></span> <span class='ocrx_word' id='word_1_185' title='bbox 327 2673 709 2761; x_wconf 77' lang='grc' dir='ltr'><strong><em>ἐπιδημῶν,</em></strong></span> <span class='ocrx_word' id='word_1_186' title='bbox 770 2671 889 2740; x_wconf 84' lang='grc' dir='ltr'><strong><em>τὸν</em></strong></span> <span class='ocrx_word' id='word_1_187' title='bbox 931 2677 1197 2757; x_wconf 86' lang='grc' dir='ltr'><strong><em>πατέρα</em></strong></span> <span class='ocrx_word' id='word_1_188' title='bbox 1244 2676 1356 2739; x_wconf 83' lang='grc' dir='ltr'><strong><em>καὶ</em></strong></span> <span class='ocrx_word' id='word_1_189' title='bbox 1400 2670 1559 2749; x_wconf 77' lang='grc' dir='ltr'><strong><em>τοὺς</em></strong></span> <span class='ocrx_word' id='word_1_190' title='bbox 1604 2668 1802 2753; x_wconf 77' lang='grc' dir='ltr'><strong><em>ἐμοὺς</em></strong></span> <span class='ocrx_word' id='word_1_191' title='bbox 1847 2669 1914 2749; x_wconf 85' lang='grc' dir='ltr'><strong><em>ἐς</em></strong></span> <span class='ocrx_word' id='word_1_192' title='bbox 1943 2666 2319 2757; x_wconf 76' lang='grc' dir='ltr'><strong><em>Ἄμαστριν</em></strong></span> 
     </span>
     <span class='ocr_line' id='line_1_25' title="bbox 191 2765 2320 2864; baseline 0 -25"><span class='ocrx_word' id='word_1_193' title='bbox 191 2769 775 2864; x_wconf 80' lang='grc' dir='ltr'><strong><em>προύκπεπομφώς</em></strong></span> <span class='ocrx_word' id='word_1_194' title='bbox 815 2813 900 2824; x_wconf 94' lang='grc'><strong>-</strong></span> <span class='ocrx_word' id='word_1_195' title='bbox 944 2771 1367 2858; x_wconf 79' lang='grc' dir='ltr'><strong><em>ὑπισχνεῖται</em></strong></span> <span class='ocrx_word' id='word_1_196' title='bbox 1413 2778 1527 2842; x_wconf 87' lang='grc' dir='ltr'><strong><em>καὶ</em></strong></span> <span class='ocrx_word' id='word_1_197' title='bbox 1576 2776 1817 2840; x_wconf 88' lang='grc' dir='ltr'><strong><em>πλοῖον</em></strong></span> <span class='ocrx_word' id='word_1_198' title='bbox 1864 2765 2065 2850; x_wconf 71' lang='grc' dir='ltr'><strong><em>αὐτὸς</em></strong></span> <span class='ocrx_word' id='word_1_199' title='bbox 2109 2777 2320 2858; x_wconf 84' lang='grc' dir='ltr'><strong><em>παρέ-</em></strong></span> 
     </span>
     <span class='ocr_line' id='line_1_26' title="bbox 193 2870 2321 2964; baseline -0 -23"><span class='ocrx_word' id='word_1_200' title='bbox 193 2873 306 2951; x_wconf 79' lang='grc' dir='ltr'><strong><em>ξειν</em></strong></span> <span class='ocrx_word' id='word_1_201' title='bbox 344 2882 458 2946; x_wconf 84' lang='grc' dir='ltr'><strong><em>καὶ</em></strong></span> <span class='ocrx_word' id='word_1_202' title='bbox 506 2877 737 2963; x_wconf 77' lang='grc' dir='ltr'><strong><em>ἐρέτας</em></strong></span> <span class='ocrx_word' id='word_1_203' title='bbox 780 2877 937 2955; x_wconf 77' lang='grc' dir='ltr'><strong><em>τοὺς</em></strong></span> <span class='ocrx_word' id='word_1_204' title='bbox 979 2872 1400 2959; x_wconf 69' lang='grc' dir='ltr'><strong><em>ἀπάξοντας·</em></strong></span> <span class='ocrx_word' id='word_1_205' title='bbox 1448 2870 1627 2962; x_wconf 78' lang='grc' dir='ltr'><strong><em>κάγώ</em></strong></span> <span class='ocrx_word' id='word_1_206' title='bbox 1671 2877 1792 2960; x_wconf 80' lang='grc' dir='ltr'><strong><em>μὲν</em></strong></span> <span class='ocrx_word' id='word_1_207' title='bbox 1836 2872 2024 2964; x_wconf 77' lang='grc' dir='ltr'><strong><em>ᾤμην</em></strong></span> <span class='ocrx_word' id='word_1_208' title='bbox 2063 2871 2321 2942; x_wconf 82' lang='grc' dir='ltr'><strong><em>ἇπλοῦν</em></strong></span> 
     </span>
     <span class='ocr_line' id='line_1_27' title="bbox 191 2974 2320 3061; baseline 0 -20"><span class='ocrx_word' id='word_1_209' title='bbox 191 2974 337 3044; x_wconf 76' lang='grc' dir='ltr'><strong><em>τοῦτ’</em></strong></span> <span class='ocrx_word' id='word_1_210' title='bbox 389 2977 565 3047; x_wconf 85' lang='grc' dir='ltr'><strong><em>εἶναι</em></strong></span> <span class='ocrx_word' id='word_1_211' title='bbox 605 2983 718 3048; x_wconf 87' lang='grc' dir='ltr'><strong><em>καὶ</em></strong></span> <span class='ocrx_word' id='word_1_212' title='bbox 783 2980 1020 3059; x_wconf 85' lang='grc' dir='ltr'><strong><em>δεξιόν.</em></strong></span> <span class='ocrx_word' id='word_1_213' title='bbox 1109 2979 1257 3046; x_wconf 81' lang='grc' dir='ltr'><strong><em>ἐπεὶ</em></strong></span> <span class='ocrx_word' id='word_1_214' title='bbox 1320 2980 1392 3046; x_wconf 79' lang='grc' dir='ltr'><strong><em>δὲ</em></strong></span> <span class='ocrx_word' id='word_1_215' title='bbox 1447 2978 1617 3045; x_wconf 87' lang='grc' dir='ltr'><strong><em>κατὰ</em></strong></span> <span class='ocrx_word' id='word_1_216' title='bbox 1671 2984 1875 3061; x_wconf 89' lang='grc' dir='ltr'><strong><em>μέσον</em></strong></span> <span class='ocrx_word' id='word_1_217' title='bbox 1931 2978 2051 3045; x_wconf 88' lang='grc' dir='ltr'><strong><em>τὸν</em></strong></span> <span class='ocrx_word' id='word_1_218' title='bbox 2106 2978 2320 3061; x_wconf 87' lang='grc' dir='ltr'><strong><em>πόρον</em></strong></span> 
     </span>
     <span class='ocr_line' id='line_1_28' title="bbox 193 3076 2322 3170; baseline -0 -27"><span class='ocrx_word' id='word_1_219' title='bbox 193 3076 514 3170; x_wconf 78' lang='grc' dir='ltr'><strong><em>ἐγενόμην,</em></strong></span> <span class='ocrx_word' id='word_1_220' title='bbox 569 3082 945 3169; x_wconf 88' lang='grc' dir='ltr'><strong><em>δακρύοντα</em></strong></span> <span class='ocrx_word' id='word_1_221' title='bbox 990 3078 1164 3167; x_wconf 77' lang='grc' dir='ltr'><strong><em>ὁρῶν</em></strong></span> <span class='ocrx_word' id='word_1_222' title='bbox 1208 3081 1327 3148; x_wconf 84' lang='grc' dir='ltr'><strong><em>τὸν</em></strong></span> <span class='ocrx_word' id='word_1_223' title='bbox 1367 3081 1766 3170; x_wconf 85' lang='grc' dir='ltr'><strong><em>κυβερνήτην</em></strong></span> <span class='ocrx_word' id='word_1_224' title='bbox 1823 3083 1934 3147; x_wconf 89' lang='grc' dir='ltr'><strong><em>καὶ</em></strong></span> <span class='ocrx_word' id='word_1_225' title='bbox 1978 3093 2121 3157; x_wconf 88' lang='grc' dir='ltr'><strong><em>τοῖς</em></strong></span> <span class='ocrx_word' id='word_1_226' title='bbox 2165 3077 2322 3144; x_wconf 83' lang='grc' dir='ltr'><strong><em>ναύ-</em></strong></span> 
     </span>
     <span class='ocr_line' id='line_1_29' title="bbox 190 3178 2322 3270; baseline -0 -24"><span class='ocrx_word' id='word_1_227' title='bbox 190 3207 320 3260; x_wconf 85' lang='grc' dir='ltr'><strong><em>ταις</em></strong></span> <span class='ocrx_word' id='word_1_228' title='bbox 385 3178 812 3270; x_wconf 72' lang='grc' dir='ltr'><strong><em>ἀντιλέγοντα</em></strong></span> <span class='ocrx_word' id='word_1_229' title='bbox 879 3178 995 3251; x_wconf 80' lang='grc' dir='ltr'><strong><em>οὗκ</em></strong></span> <span class='ocrx_word' id='word_1_230' title='bbox 1059 3178 1334 3270; x_wconf 73' lang='grc' dir='ltr'><strong><em>ἀγαθὰς</em></strong></span> <span class='ocrx_word' id='word_1_231' title='bbox 1397 3180 1573 3266; x_wconf 86' lang='grc' dir='ltr'><strong><em>εἶχον</em></strong></span> <span class='ocrx_word' id='word_1_232' title='bbox 1641 3187 1798 3269; x_wconf 86' lang='grc' dir='ltr'><strong><em>περὶ</em></strong></span> <span class='ocrx_word' id='word_1_233' title='bbox 1854 3185 1989 3248; x_wconf 84' lang='grc' dir='ltr'><strong><em>τῶν</em></strong></span> <span class='ocrx_word' id='word_1_234' title='bbox 2046 3181 2322 3265; x_wconf 84' lang='grc' dir='ltr'><strong><em>μελλόν-</em></strong></span> 
     </span>
     <span class='ocr_line' id='line_1_30' title="bbox 191 3272 2321 3372; baseline 0 -24"><span class='ocrx_word' id='word_1_235' title='bbox 191 3307 304 3351; x_wconf 88' lang='grc' dir='ltr'><strong><em>των</em></strong></span> <span class='ocrx_word' id='word_1_236' title='bbox 345 3285 647 3364; x_wconf 88' lang='grc' dir='ltr'><strong><em>ἐλπίδας.</em></strong></span> <span class='ocrx_word' id='word_1_237' title='bbox 737 3272 818 3372; x_wconf 76' lang='grc' dir='ltr'><strong><em>ἦν</em></strong></span> <span class='ocrx_word' id='word_1_238' title='bbox 863 3286 935 3353; x_wconf 82' lang='grc' dir='ltr'><strong><em>δὲ</em></strong></span> <span class='ocrx_word' id='word_1_239' title='bbox 980 3279 1209 3363; x_wconf 72' lang='grc' dir='ltr'><strong><em>αὐτοῖς</em></strong></span> <span class='ocrx_word' id='word_1_240' title='bbox 1252 3285 1746 3370; x_wconf 80' lang='grc' dir='ltr'><strong><em>ἐπεσταλμένον</em></strong></span> <span class='ocrx_word' id='word_1_241' title='bbox 1788 3280 1925 3351; x_wconf 73' lang='grc' dir='ltr'><strong><em>ὑπὸ</em></strong></span> <span class='ocrx_word' id='word_1_242' title='bbox 1972 3286 2091 3350; x_wconf 82' lang='grc' dir='ltr'><strong><em>τοῦ</em></strong></span> <span class='ocrx_word' id='word_1_243' title='bbox 2127 3277 2321 3348; x_wconf 71' lang='grc' dir='ltr'><strong><em>Ἀλε-</em></strong></span> 
     </span>
     <span class='ocr_line' id='line_1_31' title="bbox 197 3378 2322 3476; baseline 0 -26"><span class='ocrx_word' id='word_1_244' title='bbox 197 3381 453 3474; x_wconf 85' lang='grc' dir='ltr'><strong><em>ξάνδρου</em></strong></span> <span class='ocrx_word' id='word_1_245' title='bbox 499 3382 871 3475; x_wconf 70' lang='grc' dir='ltr'><strong><em>ἀραμένους</em></strong></span> <span class='ocrx_word' id='word_1_246' title='bbox 914 3389 1119 3476; x_wconf 79' lang='grc' dir='ltr'><strong><em>ῥῖψαι</em></strong></span> <span class='ocrx_word' id='word_1_247' title='bbox 1173 3384 1350 3473; x_wconf 82' lang='grc' dir='ltr'><strong><em>ἡμᾶς</em></strong></span> <span class='ocrx_word' id='word_1_248' title='bbox 1409 3388 1474 3466; x_wconf 88' lang='grc' dir='ltr'><strong><em>ἐς</em></strong></span> <span class='ocrx_word' id='word_1_249' title='bbox 1532 3387 1651 3476; x_wconf 84' lang='grc' dir='ltr'><strong><em>τὴν</em></strong></span> <span class='ocrx_word' id='word_1_250' title='bbox 1706 3386 2091 3453; x_wconf 76' lang='grc' dir='ltr'><strong><em>θάλατταν·</em></strong></span> <span class='ocrx_word' id='word_1_251' title='bbox 2152 3378 2322 3471; x_wconf 72' lang='grc' dir='ltr'><strong><em>ὅπερ</em></strong></span> 
     </span>
     <span class='ocr_line' id='line_1_32' title="bbox 198 3481 2324 3579; baseline 0 -27"><span class='ocrx_word' id='word_1_252' title='bbox 198 3486 247 3551; x_wconf 82' lang='grc' dir='ltr'><strong><em>εἰ</em></strong></span> <span class='ocrx_word' id='word_1_253' title='bbox 297 3487 661 3579; x_wconf 83' lang='grc' dir='ltr'><strong><em>ἐγεγένητο,</em></strong></span> <span class='ocrx_word' id='word_1_254' title='bbox 722 3490 972 3579; x_wconf 78' lang='grc' dir='ltr'><strong><em>ῥᾳδίως</em></strong></span> <span class='ocrx_word' id='word_1_255' title='bbox 1029 3481 1112 3557; x_wconf 71' lang='grc' dir='ltr'><strong><em>ἂν</em></strong></span> <span class='ocrx_word' id='word_1_256' title='bbox 1171 3485 1353 3577; x_wconf 75' lang='grc' dir='ltr'><strong><em>αὐτῷ</em></strong></span> <span class='ocrx_word' id='word_1_257' title='bbox 1413 3491 1949 3578; x_wconf 89' lang='grc' dir='ltr'><strong><em>διεπεπολέμητο</em></strong></span> <span class='ocrx_word' id='word_1_258' title='bbox 2006 3487 2091 3554; x_wconf 86' lang='grc' dir='ltr'><strong><em>τὰ</em></strong></span> <span class='ocrx_word' id='word_1_259' title='bbox 2151 3486 2324 3571; x_wconf 87' lang='grc' dir='ltr'><strong><em>πρὸς</em></strong></span> 
     </span>
     <span class='ocr_line' id='line_1_33' title="bbox 126 3585 2324 3677; baseline 0.001 -23"><span class='ocrx_word' id='word_1_260' title='bbox 126 3585 313 3671; x_wconf 71' lang='grc' dir='ltr'><strong><em>261ἐμέ.</em></strong></span> <span class='ocrx_word' id='word_1_261' title='bbox 399 3589 569 3658; x_wconf 80' lang='grc' dir='ltr'><strong><em>ἀλλὰ</em></strong></span> <span class='ocrx_word' id='word_1_262' title='bbox 629 3592 924 3677; x_wconf 88' lang='grc' dir='ltr'><strong><em>δακρύων</em></strong></span> <span class='ocrx_word' id='word_1_263' title='bbox 988 3591 1234 3670; x_wconf 82' lang='grc' dir='ltr'><strong><em>ἐκεῖνος</em></strong></span> <span class='ocrx_word' id='word_1_264' title='bbox 1290 3591 1523 3659; x_wconf 73' lang='grc' dir='ltr'><strong><em>ἔπεισε</em></strong></span> <span class='ocrx_word' id='word_1_265' title='bbox 1576 3595 1687 3657; x_wconf 87' lang='grc' dir='ltr'><strong><em>καὶ</em></strong></span> <span class='ocrx_word' id='word_1_266' title='bbox 1744 3590 1900 3668; x_wconf 82' lang='grc' dir='ltr'><strong><em>τούς</em></strong></span> <span class='ocrx_word' id='word_1_267' title='bbox 1959 3590 2324 3667; x_wconf 87' lang='grc' dir='ltr'><strong><em>συνναύτας</em></strong></span> 
     </span>
     <span class='ocr_line' id='line_1_34' title="bbox 199 3683 2322 3783; baseline 0 -26"><span class='ocrx_word' id='word_1_268' title='bbox 199 3693 379 3777; x_wconf 82' lang='grc' dir='ltr'><strong><em>μηδὲν</em></strong></span> <span class='ocrx_word' id='word_1_269' title='bbox 430 3691 607 3780; x_wconf 81' lang='grc' dir='ltr'><strong><em>ἡμᾶς</em></strong></span> <span class='ocrx_word' id='word_1_270' title='bbox 665 3693 883 3762; x_wconf 84' lang='grc' dir='ltr'><strong><em>δεινὸν</em></strong></span> <span class='ocrx_word' id='word_1_271' title='bbox 937 3683 979 3783; x_wconf 81' lang='grc' dir='ltr'><em>ἢ</em></span> <span class='ocrx_word' id='word_1_272' title='bbox 1035 3691 1234 3761; x_wconf 86' lang='grc' dir='ltr'><strong><em>κακὸν</em></strong></span> <span class='ocrx_word' id='word_1_273' title='bbox 1293 3693 1750 3781; x_wconf 76' lang='grc' dir='ltr'><strong><em>ἐργάσασθαι,</em></strong></span> <span class='ocrx_word' id='word_1_274' title='bbox 1808 3696 1920 3760; x_wconf 85' lang='grc' dir='ltr'><strong><em>καὶ</em></strong></span> <span class='ocrx_word' id='word_1_275' title='bbox 1978 3691 2152 3780; x_wconf 85' lang='grc' dir='ltr'><strong><em>πρὸς</em></strong></span> <span class='ocrx_word' id='word_1_276' title='bbox 2209 3691 2322 3775; x_wconf 84' lang='grc' dir='ltr'><strong><em>ἐμὲ</em></strong></span> 
     </span>
     <span class='ocr_line' id='line_1_35' title="bbox 201 3786 2323 3885; baseline -0.002 -23"><span class='ocrx_word' id='word_1_277' title='bbox 201 3790 332 3881; x_wconf 66' lang='grc' dir='ltr'><strong><em>ἔφη,</em></strong></span> <span class='ocrx_word' id='word_1_278' title='bbox 373 3791 554 3885; x_wconf 67' lang='grc' dir='ltr'><strong><em>,ζΈτη</em></strong></span> <span class='ocrx_word' id='word_1_279' title='bbox 589 3795 922 3883; x_wconf 79' lang='grc' dir='ltr'><strong><em>ἐξήκοντα,</em></strong></span> <span class='ocrx_word' id='word_1_280' title='bbox 970 3791 1062 3874; x_wconf 78' lang='grc' dir='ltr'><strong><em>ῶς</em></strong></span> <span class='ocrx_word' id='word_1_281' title='bbox 1091 3792 1270 3884; x_wconf 77' lang='grc' dir='ltr'><strong><em>ὁρᾷς,</em></strong></span> <span class='ocrx_word' id='word_1_282' title='bbox 1307 3791 1767 3884; x_wconf 74' lang='grc' dir='ltr'><strong><em>ἀνεπίληπτον</em></strong></span> <span class='ocrx_word' id='word_1_283' title='bbox 1796 3801 1949 3880; x_wconf 86' lang='grc' dir='ltr'><strong><em>βίον</em></strong></span> <span class='ocrx_word' id='word_1_284' title='bbox 1988 3796 2101 3860; x_wconf 85' lang='grc' dir='ltr'><strong><em>καὶ</em></strong></span> <span class='ocrx_word' id='word_1_285' title='bbox 2133 3786 2323 3859; x_wconf 70' lang='grc' dir='ltr'><strong><em>ὅσιον</em></strong></span> 
     </span>
     <span class='ocr_line' id='line_1_36' title="bbox 201 3889 2324 3985; baseline 0.001 -27"><span class='ocrx_word' id='word_1_286' title='bbox 201 3897 514 3977; x_wconf 77' lang='grc' dir='ltr'><strong><em>βεβιωκὼς</em></strong></span> <span class='ocrx_word' id='word_1_287' title='bbox 587 3893 704 3965; x_wconf 72' lang='grc' dir='ltr'><strong><em>οὐκ</em></strong></span> <span class='ocrx_word' id='word_1_288' title='bbox 789 3889 870 3965; x_wconf 68' lang='grc' dir='ltr'><strong><em>ὃν</em></strong></span> <span class='ocrx_word' id='word_1_289' title='bbox 949 3900 1315 3985; x_wconf 85' lang='grc' dir='ltr'><strong><em>βουλοίμην</em></strong></span> <span class='ocrx_word' id='word_1_290' title='bbox 1405 3898 1472 3965; x_wconf 89' lang='grc' dir='ltr'><strong><em>ἐν</em></strong></span> <span class='ocrx_word' id='word_1_291' title='bbox 1561 3899 1776 3985; x_wconf 84' lang='grc' dir='ltr'><strong><em>τούτῳ</em></strong></span> <span class='ocrx_word' id='word_1_292' title='bbox 1861 3900 1977 3983; x_wconf 87' lang='grc' dir='ltr'><strong><em>τῆς</em></strong></span> <span class='ocrx_word' id='word_1_293' title='bbox 2064 3891 2324 3983; x_wconf 81' lang='grc' dir='ltr'><strong><em>ἡλικίας</em></strong></span> 
     </span>
     <span class='ocr_line' id='line_1_37' title="bbox 203 3998 2323 4088; baseline 0.001 -30"><span class='ocrx_word' id='word_1_294' title='bbox 203 3999 300 4063; x_wconf 84' lang='grc' dir='ltr'><strong><em>καὶ</em></strong></span> <span class='ocrx_word' id='word_1_295' title='bbox 340 4015 604 4083; x_wconf 84' lang='grc' dir='ltr'><strong><em>γυναῖκα</em></strong></span> <span class='ocrx_word' id='word_1_296' title='bbox 646 4004 756 4067; x_wconf 83' lang='grc' dir='ltr'><strong><em>καὶ</em></strong></span> <span class='ocrx_word' id='word_1_297' title='bbox 804 4005 997 4066; x_wconf 86' lang='grc' dir='ltr'><strong><em>τέκνα</em></strong></span> <span class='ocrx_word' id='word_1_298' title='bbox 1028 3999 1190 4082; x_wconf 71' lang='grc' dir='ltr'><strong><em>ἔχων</em></strong></span> <span class='ocrx_word' id='word_1_299' title='bbox 1220 4004 1458 4083; x_wconf 80' lang='grc' dir='ltr'><strong><em>μιᾶναι</em></strong></span> <span class='ocrx_word' id='word_1_300' title='bbox 1504 3999 1694 4088; x_wconf 83' lang='grc' dir='ltr'><strong><em>φόνῳ</em></strong></span> <span class='ocrx_word' id='word_1_301' title='bbox 1724 4000 1844 4077; x_wconf 82' lang='grc' dir='ltr'><strong><em>τὰς</em></strong></span> <span class='ocrx_word' id='word_1_302' title='bbox 1873 3998 2158 4082; x_wconf 46' lang='grc' dir='ltr'><strong><em>χεῖραςίῑ,</em></strong></span> <span class='ocrx_word' id='word_1_303' title='bbox 2207 3998 2323 4088; x_wconf 88' lang='grc' dir='ltr'><strong><em>δη-</em></strong></span> 
     </span>
    </p>
   </div>
  </div>
 </body>
</html>
