2800 4500
888 265 1191 320 ΑΛΗΘΟΥΣ
1225 264 1521 318 ΙΣΤΟΡΙΑΣ
1555 268 1611 320 Α,
2241 263 2322 321 29

176 441 425 519 γίγνετο
473 438 582 501 καὶ
632 428 847 501 οὐκέτ’
917 429 1069 501 οῦδὲ
1128 436 1385 500 στεῖλαι
1433 433 1552 522 τὴν
1598 427 1852 523 όθόνην
1898 433 2180 501 δυνατὸν
2223 419 2323 520 ἦν.

176 535 662 619 ἐπιτρέψαντες
714 523 828 604 οῦν
870 540 967 622 τῷ
1025 535 1355 620 πνεύματι
1411 539 1520 602 καὶ
1579 535 1996 620 παραδόντες
2052 535 2326 614 ἑαυτοὺς

178 638 664 722 ἐχειμαζόμεθα
714 635 965 726 ἡμέρας
1021 635 1207 703 ἐννέα
1251 639 1359 703 καὶ
1421 636 1901 725 ἑβδομήκοντα,
1960 641 2041 724 τῇ
2087 631 2325 725 ὀγδοη-

174 744 371 827 κοστῇ
419 741 493 806 δὲ
538 737 731 827 ἄφνω
778 740 1246 824 ἐκλάμψαντος
1287 735 1481 828 ἡλίου
1525 743 1924 824 καθορῶμεν
1969 734 2044 805 οῦ
2090 741 2325 824 πόρρω

175 847 366 964 νήσον
411 839 682 929 ὑψηλὴν
724 845 834 909 καὶ
894 835 1338 922 δασεῖαν,οῦ
1383 855 1611 926 τραχεῖ
1667 847 2186 930 περιηχουμένην
2230 869 2322 929 τῳ

171 945 441 1027 κύματι·
500 949 610 1011 καὶ
669 945 793 1031 γὰρ
850 940 972 1033 ἤδη
1033 942 1107 1009 τὸ
1170 941 1344 1009 πολὺ
1404 947 1522 1029 τῆς
1558 943 1778 1032 ζάλης
1831 949 2323 1011 κατεπέπαυτο.

172 1047 622 1134 προσσχόντες
668 1044 782 1114 οῦν
825 1050 934 1115 καὶ
990 1041 1370 1129 ἀποβάντες
1414 1043 1504 1124 ὡς
1550 1073 1631 1112 αν
1677 1071 1744 1112 εκ
1789 1050 2046 1131 μακρᾶς
2088 1050 2323 1115 ταλαι-

173 1155 432 1235 πωρίας
479 1148 696 1215 πολὺν
740 1150 860 1232 μὲν
907 1147 1020 1215 ἐπὶ
1068 1152 1184 1237 τῆς
1228 1173 1344 1237 γης
1383 1148 1623 1236 χρόνον
1681 1148 2029 1232 ἐκείμεθα,
2092 1149 2322 1216 διανα-

172 1250 441 1329 στάντες
511 1252 582 1317 δὲ
648 1244 831 1334 ὅμως
896 1244 1345 1336 ἀπεκρίναμεν
1419 1246 1607 1336 ἡμῶν
1676 1244 1892 1316 αὐτῶν
1965 1250 2322 1338 τριάκοντα

171 1353 282 1436 μὲν
338 1354 645 1441 φύλακας
701 1357 816 1441 τῆς
876 1352 1040 1430 νειὸς
1093 1356 1539 1437 παραμένειν,
1602 1351 1812 1420 ε’ίκοσι
1872 1352 1944 1419 δὲ
1996 1353 2115 1419 σὺν
2172 1353 2318 1436 ἐμοὶ

174 1449 481 1522 ἀνελθεῖν
526 1454 640 1522 ἐπὶ
685 1457 1074 1540 κατασκοπῇ
1104 1457 1239 1520 τῶν
1271 1453 1338 1519 ἐν
1367 1458 1450 1541 τῇ
1482 1454 1680 1541 νήσῳ.
1760 1461 1817 1521 7.
1865 1455 2323 1539 προελθόντες
2358 1466 2388 1520 7

176 1556 239 1622 δὲ
281 1555 446 1624 ὅσον
497 1557 811 1635 σταδίους
852 1570 1029 1642 τρεῖς
1076 1550 1212 1623 ἀπὸ
1260 1559 1376 1643 τῆς
1420 1555 1767 1644 θαλάττης
1804 1551 1896 1623 δι’
1948 1550 2107 1645 ύλης
2151 1554 2322 1638 ὁρῶ-

105 1671 152 1720 '15
168 1663 280 1740 μέν
322 1685 480 1726 τινα
527 1659 770 1747 στήλην
822 1661 1066 1742 χαλκοῦ
1126 1663 1617 1747 πεποιημένην,
1671 1655 2068 1746 Ἑλληνικοῖς
2109 1660 2321 1745 γράμ-

172 1766 331 1844 μασῖ
386 1766 1040 1848 καταγεγραμμένην,
1106 1754 1431 1847 ἀμυδροῖς
1476 1761 1546 1827 δὲ
1600 1766 1710 1828 καὶ
1775 1761 2319 1846 ἐκτετριμμένοις,

175 1865 490 1948 λέγουσαν
550 1859 746 1947 ,,ι’ίχρι
801 1858 1055 1930 τούτων
1094 1859 1429 1952 (Ηρακλῆς
1486 1867 1597 1931 καὶ
1652 1864 1985 1942 Διόνυσος
2042 1859 2319 1951 ἀφίκον-

174 1969 306 2031 ‘rof‘
376 1952 459 2055 ἦν
497 1966 567 2032 δὲ
598 1970 708 2033 καὶ
739 1966 883 2053 ἰ’χνη
918 1965 1035 2031 δύο
1080 1967 1369 2053 πλησίον
1419 1964 1535 2032 ἐπὶ
1578 1972 1850 2053 πέτρας,
1896 1965 1971 2032 τὸ
2006 1967 2124 2049 μὲν
2156 1969 2319 2033 πλε-

175 2072 476 2148 θριαῖον,
535 2066 610 2135 τὸ
660 2068 732 2134 δὲ
795 2066 1100 2133 ἔλαττον·
1161 2066 1308 2150 ἐμοὶ
1369 2067 1616 2148 δοκεῖν,
1676 2067 1752 2134 τὸ
1813 2094 1933 2151 μεν
1989 2072 2106 2135 τοῦ
2151 2074 2318 2134 Διο-

174 2168 361 2234 νύσου
419 2168 498 2235 τὸ
560 2167 977 2266 μικρότερον,
1036 2168 1331 2256 θάτερον
1389 2170 1462 2236 δὲ
1509 2166 1934 2255 (Ηρακλέους.
2025 2193 2318 2256 προσκυ-

175 2270 483 2355 νήσαντες
543 2265 606 2336 δ’
674 2268 789 2337 οῦν
854 2270 1251 2358 προήειμεν·
1322 2268 1515 2337 ου’πω
1575 2273 1647 2338 δὲ
1703 2271 1877 2339 πολὺ
1947 2271 2317 2360 παρήειμεν

174 2376 269 2438 καὶ
317 2373 756 2461 εφιστάμεθα
800 2398 1085 2459 ποταμῳ
1128 2373 1289 2460 οἴνι)
1336 2375 1556 2461 ῥέοντι
1602 2371 1981 2460 ομοιοτάτῳ
2025 2376 2319 2457 μάλιστα

175 2474 450 2561 οἷόσπερ
483 2472 516 2541 ὁ
552 2476 726 2554 Χῖός
772 2475 971 2542 ἐστιν.
1048 2472 1359 2562 ἄφθονον
1407 2462 1548 2542 δὲῖ
1508 2503 1586 2564 ην
1618 2476 1691 2543 τὸ
1728 2478 1936 2564 ῥεῦμα
1980 2480 2090 2544 καὶ
2122 2478 2316 2554 πολύ,

173 2576 333 2644 ὥστε
384 2576 649 2661 ἐνιαχοῦ
682 2580 792 2644 καὶ
843 2584 1253 2665 ναυσίπορον
1302 2575 1472 2645 εἶναι
1520 2577 1877 2646 δύνασθαι.
1968 2577 2159 2666 ἐπῄει
2204 2565 2318 2644 οῦν

171 2674 316 2764 ἡμῖν
360 2680 541 2746 πολὺ
586 2681 841 2764 μᾶλλον
886 2679 1229 2746 πιστεύειν
1259 2684 1356 2765 τῴ
1389 2679 1504 2747 ἐπὶ
1536 2685 1654 2768 τῆς
1700 2675 1943 2770 στήλης
1989 2675 2318 2768 ἐπιγράμ-

174 2808 321 2864 ματι
368 2778 583 2869 ὁρῶσι
610 2782 695 2848 τὰ
743 2795 986 2868 σημεῖα
1021 2786 1139 2871 τῆς
1167 2782 1503 2850 Διονύσου
1552 2783 1936 2871 ἐπιδημίας.
2014 2784 2215 2862 δόξαν
2248 2785 2320 2849 δέ

172 2910 277 2965 μοι
306 2888 421 2951 καὶ
454 2877 621 2951 ὅθεν
667 2880 936 2970 ἄρχεται
966 2880 1000 2952 ὃ
1037 2884 1343 2967 ποταμὸς
1385 2890 1826 2969 καταμαθεῖν,
1874 2880 2099 2974 ἀνῄειν
2132 2888 2317 2971 παρὰ

173 2986 240 3051 τὸ
287 2988 530 3074 ῥεῦμα,
592 2989 702 3052 καὶ
749 2984 966 3074 πηγὴν
1010 2987 1130 3069 μὲν
1176 2981 1492 3071 οὐδεμίαν
1539 2981 1728 3073 εὗρον
1776 2982 2012 3069 αὐτοῦ,
2060 2989 2320 3067 πολλὰς

176 3088 240 3153 δὲ
281 3092 391 3155 καὶ
436 3087 729 3174 μεγάλας
775 3081 1136 3170 ἀμπέλους,
1183 3088 1465 3175 πλήρεις
1506 3088 1825 3173 βοτρύων,
1873 3089 2060 3176 παρὰ
2099 3090 2317 3175 δὲτὴν

176 3189 350 3272 ῥίζαν
408 3189 688 3278 εκάστης
745 3184 1026 3275 ἀπέρρει
1084 3214 1344 3275 σταγων
1404 3191 1586 3257 οίνου
1647 3192 1986 3277 διαυγοῦς,
2046 3186 2171 3278 ἀφ’
2225 3219 2317 3257 ων

178 3288 412 3375 ἐγίνετο
460 3288 494 3357 ὅ
553 3290 879 3375 ποταμός.
967 3290 1048 3380 ήν
1107 3292 1179 3359 δὲ
1235 3295 1344 3358 καὶ
1408 3292 1602 3373 ἰχθῦς
1660 3318 1729 3359 εν
1787 3287 1967 3379 aim&
2026 3294 2317 3372 πολλοῦς

114 3390 349 3474 ῖθῖδεῖν,
398 3393 561 3479 οίνῳ
606 3393 900 3475 μάλιστα
943 3395 1052 3460 καὶ
1097 3392 1215 3482 τὴν
1262 3393 1470 3477 χρόαν
1514 3398 1625 3462 καὶ
1671 3394 1788 3480 τὴν
1834 3399 2057 3481 γεῦσιν
2102 3419 2316 3481 προσ-

181 3494 498 3572 εοικότας·
556 3490 747 3582 ἡμεῖς
804 3498 960 3580 γοῦν
1018 3487 1456 3579 ἀγρεύσαντες
1514 3490 1731 3563 αύτιῦν
1787 3523 1976 3576 τινας
2030 3502 2141 3566 καὶ
2202 3498 2316 3582 ἐμ·-

181 3596 493 3680 φαγόντες
555 3595 1061 3684 ἐμεθύσθημεν·
1127 3591 1359 3681 ἀμέλει
1414 3601 1526 3665 καὶ
1586 3593 2025 3683 ἀνατεμόντες
2079 3599 2317 3679 αὐτούς

183 3690 554 3781 εὖρίσκομεν
610 3696 847 3783 τρυγὸς
904 3699 1208 3781 μεστούς.
1298 3692 1574 3787 ὕστερον
1630 3706 1858 3786 μέντοι
1916 3702 2314 3792 ἐπινοήσαν-

179 3822 276 3874 τες
326 3798 483 3877 τοῦς
552 3795 792 3876 α’λλους
860 3800 1088 3883 ιχθῦς,
1156 3827 1312 3880 τους
1370 3797 1508 3870 ἀπὸ
1571 3808 1689 3870 τοῦ
1745 3798 2020 3886 ύδατος,
2089 3830 2313 3891 παρα-

180 3901 468 3984 μιγνύναι
514 3897 930 3987 επραῦνομεν
957 3903 1031 3969 τὸ
1074 3904 1371 3992 σφοδρὸν
1416 3910 1532 3995 τῆς
1577 3907 1991 3994 οἰνοφαγίας.
2069 3913 2125 3975 8.
2157 3907 2309 3973 τότε
2348 3919 2383 3973 8

184 3999 245 4065 δὲ
284 4001 396 4070 τὸν
444 4003 751 4087 ποταμὸν
798 4006 1357 4091 διαπεράσαντες,
1419 4002 1460 4094 ᾗ
1509 4008 1828 4092 διαβατὸς
1873 4007 1980 4092 ήν,
2038 4003 2310 4094 εύρομεν
