2800 4500
927 253 1604 314 ΑΠΟΚΗΡΙἹΤΟΜΕΝΟΣ.
2260 252 2338 312 81

181 428 306 492 τοῦ
349 424 475 508 μὲν
516 423 643 509 γὰρ
688 422 805 490 τὸν
848 429 1255 512 γεννηθέντα
1299 422 1597 511 πονηρὸν
1640 413 1683 510 ἢ
1732 421 2019 509 χρηστὸν
2080 416 2343 510 ἀποβή-

185 532 444 594 σεσθαι
490 520 715 608 οὐδέν,
777 523 999 610 οἶμαι,
1055 526 1403 613 γνώρισμα
1445 514 1559 616 ἦν,
1617 528 1728 592 καὶ
1775 524 1888 593 διὰ
1932 529 2130 592 τοῦτο
2187 525 2344 605 τοὺς

187 620 508 706 ἀναξίους
550 632 671 695 τοῦ
713 633 940 715 γένους
984 634 1484 714 παραιτεῖσθαι
1515 628 1998 717 συγκεχώρηται
2041 641 2185 706 τοῖς
2227 622 2345 695 ὅτε

185 722 471 817 ἠγνόουν
516 724 1131 816 ἀναθρεψαμένοις.
1228 739 1321 799 10.
1367 725 1531 799 ὅταν
1574 732 1649 800 δὲ
1690 730 1781 821 μὴ
1833 727 1984 798 κατ’
2038 726 2340 820 ἀνάγκην,
2376 738 2453 792 10

188 826 346 898 ἀλλ’
403 828 520 899 ἐπ’
574 831 880 912 ἐξουσίας
923 828 1122 912 αὐτός
1165 858 1270 912 τις
1326 827 1452 922 ἀφ’
1517 833 1754 900 ἑαυτοῦ
1810 836 1919 900 καὶ
1980 832 2350 918 δοκιμάσας

192 929 519 1024 ἀναλάβῃ,
564 942 669 1014 τίς
712 935 811 1003 ε’τι
854 936 1109 1025 μηχανὴ
1154 935 1725 1021 μεταβάλλεσθαι,
1771 925 1812 1023 ἢ
1855 938 2011 1014 τίς’
1991 934 2091 1003 ε’τι
2115 939 2351 1024 χρῆσις

92 1050 174 1100 168
196 1034 581 1118 ὑπόλοιπος
624 1043 745 1107 τοῦ
788 1039 1029 1124 νόμου,-
1075 1045 1243 1129 φαίη
1285 1039 1416 1126 γὰρ
1459 1066 1542 1108 αν
1570 1039 1746 1127 πρὸς
1777 1040 1853 1106 σὲ
1883 1034 1919 1107 6
1954 1043 2348 1127 νομοθέτης,

193 1142 279 1209 Εἰ
321 1141 623 1230 πονηρὸς
667 1136 860 1221 οὗτος
914 1169 994 1229 ην
1049 1146 1163 1210 καὶ
1217 1145 1337 1211 τοῦ
1394 1135 1948 1231 ἀποκηρυχθῆναι
2007 1137 2222 1224 αξιος,
2283 1148 2352 1209 τί

192 1243 452 1314 παθών
500 1238 870 1366 ἀνεκάλειςς
924 1250 994 1312 τί
1035 1238 1104 1309 δ’
1158 1229 1363 1322 αυθις
1410 1243 1739 1331 ἐπανῆγες
1795 1242 1863 1321 ἐς
1918 1242 2037 1332 τὴν
2095 1243 2352 1326 alutam,-

194 1353 267 1414 τί
309 1342 379 1412 δ’
430 1346 614 1424 ε’λυες
657 1344 776 1413 τὸν
820 1346 1057 1431 νόμον,·
1109 1345 1468 1431 ἐλεύθερος
1508 1344 1634 1433 γὰρ
1678 1332 1866 1433 ἦσθα
1915 1349 2027 1414 καὶ
2083 1348 2203 1413 τοῦ
2254 1341 2346 1433 μὴ

197 1463 429 1516 ποιεῖν
472 1452 683 1515 ταῦτα
727 1447 968 1531 κύριος.
1055 1443 1134 1515 οὗ
1178 1447 1304 1535 γὰρ
1335 1448 1414 1537 δὴ
1449 1448 1779 1537 ἐντρυφᾶν
1810 1472 1921 1516 σοι
1952 1449 2181 1516 δοτέον
2208 1462 2354 1527 τοῖς

198 1552 437 1635 νόμοις
483 1546 634 1618 οὐδὲ
680 1550 853 1637 πρὸς
894 1550 1017 1629 τὰς
1063 1549 1187 1629 σὰς
1229 1550 1606 1636 μεταβολὰς
1659 1551 2075 1637 συνάγεσθαι
2116 1549 2201 1618 τὰ
2249 1552 2353 1618 δι-

196 1653 530 1739 καστήρια
573 1646 729 1720 οὐδὲ
790 1648 943 1737 ἄρτι
991 1652 1116 1736 μὲν
1174 1653 1464 1722 λύεσθαι
1521 1649 1673 1738 ἄρτι
1731 1654 1804 1721 δὲ
1860 1659 2125 1740 κυρίους
2182 1650 2354 1721 εἶναι

198 1754 357 1834 τοὺς
425 1755 699 1838 νόμους,
773 1759 884 1823 καὶ
949 1755 1105 1834 τοὺς
1175 1754 1500 1834 δικαστὰς
1560 1760 1920 1846 καθῆσθαι
1991 1757 2353 1843 μάρτυρας,

199 1859 459 1941 μᾶλλον
506 1857 577 1923 δὲ
631 1853 968 1944 ὑπηρέτας
1025 1861 1160 1924 τῶν
1217 1860 1328 1925 σοὶ
1387 1853 1756 1926 δοκούντων
1811 1854 1923 1926 ὁτὲ
1979 1860 2100 1944 μὲν
2155 1859 2356 1926 κολά-

202 1960 440 2039 ζοντας
479 1955 595 2026 ὁτὲ
635 1959 709 2025 δὲ
741 1958 1279 2041 διαλλάττοντας,
1326 1956 1591 2028 ὁπόταν
1621 1984 1732 2028 σοι
1763 1962 1941 2050 δοκῇ.
2032 1955 2224 2041 ἅπαξ
2248 1987 2358 2048 γε-

195 2066 547 2151 γέννηκας,
596 2054 785 2140 ἅπαξ
826 2054 1318 2150 ἀνατέτραφας,
1368 2055 1557 2141 ἅπαξ
1596 2067 1707 2131 καὶ
1750 2062 1826 2130 τὸ
1876 2060 2360 2151 ἀποκηρύττειν

206 2158 360 2232 ἀντὶ
403 2165 659 2231 τούτων
704 2163 891 2249 ἔχεις,
935 2167 1047 2231 καὶ
1091 2164 1274 2246 τότε,
1320 2154 1402 2255 ἢν
1448 2165 1723 2244 δικαίως
1764 2158 1927 2234 αὐτὸ
1976 2179 2199 2232 ποιεῖν
2246 2167 2360 2233 δο-

203 2286 355 2354 κῃς·
392 2265 465 2332 τὸ
501 2261 565 2332 δ’
598 2291 947 2335 απαυστον
975 2272 1173 2335 τοῦτο
1202 2270 1314 2334 καὶ
1347 2262 1570 2335 ἀΐδιον
1601 2265 1732 2355 [καὶ
1764 2268 1937 2335 πολὺ
1967 2272 2078 2335 καὶ
2104 2268 2359 2357 ῥᾴδιον]

203 2369 432 2454 μεῖζον
478 2366 602 2468 ἤδη
647 2373 765 2459 τῆς
797 2374 1125 2456 πατρικῆς
1156 2369 1338 2438 ἐστιν
1369 2369 1694 2449 ἐξουσίας.
1773 2378 1872 2437 11.
1917 2369 2005 2459 μὴ
2040 2371 2139 2455 δή,
2185 2371 2360 2456 πρὸς

205 2472 417 2553 Διός,
484 2469 537 2536 ὦ
595 2467 833 2559 ἄνδρες
892 2473 1235 2554 δικασταί,
1294 2471 1757 2562 συγχωρήσητε
1815 2466 1994 2595 αὐτῷ
2061 2471 2363 2540 εκούσιον

207 2571 330 2661 τὴν
380 2572 718 2660 ἀνάληψιν
773 2579 1213 2661 πεποιημένῳ
1269 2576 1380 2641 καὶ
1441 2574 1717 2641 λύσαντι
1769 2575 1885 2664 τὴν
1942 2578 2185 2661 γνῶσιν
2240 2578 2362 2642 τοῦ

208 2674 435 2741 πάλαι
481 2676 907 2763 δικαστηρίου
947 2678 1062 2743 καὶ
1109 2669 1527 2763 ἀκυρώσαντι
1569 2676 1690 2763 τὴν
1740 2672 1941 2764 ὀργὴν
1998 2664 2204 2755 αὖθις
2244 2676 2365 2764 τὴν

210 2770 420 2863 αὗτὴν
465 2785 792 2862 τιμωρίαν
837 2772 1187 2846 ἀνακαλεῖν
1230 2782 1344 2846 καὶ
1389 2777 1509 2847 ἐπὶ
1553 2778 1670 2866 τὴν
1716 2779 2021 2859 ἐξουσίαν
2064 2780 2183 2866 τὴν
2228 2805 2366 2847 πα-

207 2878 442 2965 τρικὴν
479 2873 878 2965 ἀνατρέχειν,
925 2874 1004 2968 ἧς
1047 2879 1295 2967 ἔξωρος
1336 2876 1462 2971 ἤδη
1497 2885 1606 2948 καὶ
1641 2878 1914 2967 ἕωλοςῆ
1948 2888 2365 2968 προθεσμία,

209 2985 326 3049 καὶ
396 2981 581 3068 μόνῳ
646 2982 864 3069 τούτῳ
932 2977 1173 3068 ἄκυρος
1234 2987 1346 3050 καὶ
1416 2984 2096 3074 προδεδαπανημένη·
2167 2980 2369 3072 δρᾶτε

114 3101 194 3152 169
211 3084 344 3170 γάρ
391 3109 528 3151 που
571 3088 682 3153 καὶ
729 3084 797 3151 ἐν
839 3099 984 3164 τοῖς
1028 3080 1260 3164 ἀλλοις
1306 3087 1760 3176 δικαστηρίοις
1796 3083 1888 3165 ὥς
1917 3083 2054 3154 ἀπὸ
2088 3088 2209 3170 μὲν
2236 3090 2371 3152 τιῦν

212 3187 439 3274 κλήρῳ
485 3187 818 3270 λαχόντων
863 3188 1225 3269 δικαστῶν,
1284 3183 1364 3276 ἤν
1408 3214 1512 3268 τις
1557 3185 1785 3257 ἄδικον
1841 3189 2066 3278 οἴηται
2109 3192 2370 3275 γεγενῆ-

214 3296 394 3357 σθαι
435 3289 555 3376 τὴν
599 3296 848 3377 κρίσιν,
896 3291 1175 3359 δίδωσιν
1219 3286 1255 3358 ὅ
1303 3291 1508 3375 νόμος
1552 3291 1648 3371 εἷς
1692 3292 1914 3379 ἕτερον
1960 3291 2222 3379 ἐφεῖναι
2265 3290 2370 3356 δι-

212 3385 610 3478 καστήριον·
675 3381 755 3479 ἢν
811 3393 884 3459 δέ
943 3418 1121 3471 τινες
1176 3391 1435 3471 ἑκόντες
1495 3387 1684 3461 αὐτοὶ
1743 3393 2126 3459 σύνθωνται
2186 3393 2372 3459 δικα-

217 3496 387 3572 στὰς
438 3497 552 3562 καὶ
607 3494 1052 3581 προελόμενοι
1111 3494 1537 3581 ἐπιτρέψωσι
1591 3496 1888 3575 δίαιταν,
1945 3488 2181 3561 οὐκέτι.
2271 3493 2375 3572 οἷς

216 3596 347 3683 γὰρ
394 3596 544 3683 ἐξῆν
587 3596 755 3684 μηδὲ
809 3595 930 3685 τὴν
991 3592 1195 3682 ἀρχὴν
1255 3595 1558 3681 ἐμμένειν
1572 3651 1590 3680 ,
1651 3596 1711 3664 εἰ
1768 3597 2041 3674 τούτους
2091 3621 2196 3675 τις
2254 3590 2375 3663 αὗ·-

218 3706 549 3781 θαίρετος
593 3698 842 3781 εἵλετο,
897 3705 1192 3785 στέργειν
1238 3698 1380 3766 ἐστὶ
1429 3700 1686 3777 δίκαιος
1725 3713 1872 3777 τοῖς
1917 3698 2371 3784 ἐγνωσμένοις.

222 3803 400 3869 οῧτω
449 3799 526 3891 δὴ
582 3803 695 3867 καὶ
755 3800 868 3883 σύ,
928 3800 1006 3868 ὃν
1063 3801 1213 3888 ἐξῆν
1269 3797 1497 3888 μηκέτ’
1564 3800 2088 3885 ἀναλαμβάνειν,
2145 3800 2211 3866 εἴ
2261 3823 2377 3868 σοι

223 3899 500 3982 ἀνάξιος
546 3900 762 3968 ἐδόκει
805 3905 925 3969 τοῦ
973 3906 1235 3988 γένους,
1291 3906 1529 3969 τοῦτον
1588 3902 1648 3968 εἰ
1699 3901 1986 3989 χρηστὸν
2042 3897 2378 3990 ἡγησάμε-

223 4031 337 4084 νος
392 4001 565 4072 εἶναι
624 4004 833 4071 πάλιν
890 4000 1290 4093 ἀνείληφας,
1351 3999 1570 4072 οὐκέτ’
1637 3999 2116 4092 ἀποκηρύττειν
2175 4003 2375 4086 ἕξεις·

328 4114 497 4159 Lueinn
524 4113 583 4158 11.
612 4116 652 4158 1.
2039 4110 2070 4159 6
