2800 4500
489 242 613 302 300

1225 241 1602 295 ADNOTATIO
1641 241 1910 295 CRITICA.

704 413 1012 493 α’σφαλῶς
1054 419 1303 494 μεθέξω
1345 413 1365 499 ss
1409 412 1624 492 ὅπως
1660 411 1729 475 Ω
1771 417 1972 477 Harl.
2015 449 2101 459 —
2145 422 2519 496 παραίνεσιν
2562 419 2633 479 δέ

703 541 882 581 τινα
924 515 1160 599 μικρὰν
1308 514 1722 600 ὑποθήσομαι
1750 515 1770 600 Ι
1796 542 1978 582 τινα
2023 513 2322 599 ταύτην
2352 518 2511 580 det.
2553 551 2629 562 —

706 621 779 684 εἴ
814 645 889 684 τι
932 626 1062 684 καὶ
1108 613 1307 686 ἄλλο
1353 622 1424 685 ἐν
1482 616 1764 704 λόγοιςιΙΙ
1807 625 1876 684 εἰ
1914 627 2051 684 καί
2093 646 2165 685 τι
2211 613 2413 701 ἄλλο
2465 622 2534 685 ἐν
2577 627 2626 685 λ.

708 721 799 784 cf.
844 723 918 784 de
963 725 1095 784 salt.
1148 742 1198 785 ο.
1247 729 1344 785 63.
1408 724 1545 786 dial.
1591 729 1825 785 meretr.
1858 724 1913 782 V
1957 742 2009 784 ο.
2048 729 2098 784 1.
2179 731 2352 802 φιλῶ
2392 726 2508 800 μέν
2553 743 2632 802 σε,

706 830 763 889 εἰ
787 833 897 889 καί
930 850 1075 890 τινα
1119 818 1344 907 ἄλλην,
1388 828 1660 888 sollemni
1703 826 1818 888 hoc
1861 826 1991 888 fere
2034 828 2254 903 ubique
2301 828 2522 889 ordine.
2559 861 2633 872 —

538 947 589 990 c.
617 932 672 989 5.
701 934 899 1004 μανία
958 924 1094 1009 ἥγε
1151 929 1327 1005 ἐλπίς
1384 925 1404 1010 ss
1457 935 1654 1005 μανία
1711 920 1851 1010 ἤδη
1903 924 2042 1009 ἥγε
2086 930 2266 1005 ἐλπίς
2313 929 2476 991 det.
2551 927 2633 990 Of.

706 1032 896 1106 eynie.
944 1049 994 1092 c.
1029 1035 1084 1092 5.
1139 1037 1336 1106 μανία
1378 1023 1497 1111 ἤδη
1548 1033 1692 1108 (tum
1735 1036 1900 1104 vero)
1957 1026 2154 1095 τοῦτό
2199 1055 2268 1110 γε
2313 1027 2518 1113 σαφής
2557 1064 2635 1075 —-

703 1128 1047 1213 μεταγράψ
1065 1156 1157 1197 ου
1175 1150 1250 1196 σι
1294 1137 1495 1212 recte,
1549 1151 1903 1210 quamquam
1948 1137 2152 1194 eontra
2195 1134 2463 1194 codicum
2507 1152 2635 1194 eon·

707 1250 964 1312 sensum,
1002 1236 1103 1310 qui
1130 1232 1354 1295 habent
1379 1232 1886 1315 μεταγραψωσι
1917 1270 2000 1280 -
2027 1231 2582 1316 μετεγγράψουσι
2619 1230 2637 1316 Ι

705 1332 1231 1416 μεταγραψουσι
1277 1356 1352 1398 ex
1396 1337 1589 1417 codd„
1633 1339 1694 1397 in
1738 1339 1949 1414 quibus
1978 1342 2176 1398 tamen
2220 1339 2375 1399 male
2404 1357 2514 1415 pro
2557 1340 2634 1397 in-

708 1438 961 1500 dicativo
1007 1442 1427 1504 coniunctim

540 1558 589 1601 ο.
617 1544 673 1601 6.
703 1541 940 1604 Διττοῦ
984 1544 1049 1604 δὲ
1094 1532 1288 1617 ὄντος
1331 1592 1345 1606 .
1381 1592 1394 1605 .
1430 1592 1444 1606 .
1495 1536 1816 1622 ἀγούσης,
1875 1536 2075 1623 ἀρχήν
2127 1565 2207 1605 τε
2248 1593 2262 1606 .
2298 1592 2312 1606 .
2348 1593 2362 1606 .
2413 1558 2637 1623 συναρ-

706 1635 917 1718 μόσαι.
974 1649 1177 1706 ταῦτα
1207 1639 1478 1724 ὕστερον
1507 1639 1527 1725 ΙΙ
1553 1644 1790 1707 Διττοῦ
1833 1646 1898 1706 δὲ
1929 1635 2123 1719 ὄντος
2152 1693 2167 1708 .
2202 1694 2215 1708 .
2253 1695 2292 1723 .,
2338 1639 2576 1724 οἷγούση
2589 1667 2629 1720 ς.

708 1740 909 1825 ἀρχὴν
939 1748 1016 1807 δὲ
1045 1795 1059 1809 .
1088 1795 1101 1808 .
1128 1796 1142 1809 .
1179 1742 1600 1827 συναρμόσαι,
1628 1752 1831 1809 ταῦτα
1860 1796 1874 1810 .
1901 1796 1914 1809 .
1942 1796 1956 1810 .
1991 1741 2263 1827 ὕστερον
2292 1746 2536 1824 Madvig
2562 1779 2636 1790 —

711 1841 751 1909 ἃ
772 1850 890 1922 μὲν
921 1841 1043 1910 οὖν
1074 1844 1263 1911 κοινὰ
1286 1843 1556 1911 πάντων
1586 1842 1804 1926 λόγων
1834 1843 2251 1928 ἁμαρτήματα
2275 1847 2344 1912 ἒν
2367 1872 2435 1911 τε
2457 1853 2636 1927 φωνῇ

709 1953 817 2011 καὶ
846 1945 1125 2031 ἁρμονίᾳ
1154 1954 1261 2012 καὶ
1290 1954 1545 2032 διανοίᾳ
1574 1955 1698 2012 καὶ
1727 1957 1812 2030 τῇ
1842 1941 2030 2030 ἄλλῃ
2062 1948 2365 2032 ἀτεχνίᾳ
2393 1945 2636 2030 μακρόν

711 2073 778 2113 τε
801 2037 886 2114 ἂν
910 2051 1001 2131 εἴη
1026 2047 1473 2132 ἐπελθεῒνῆκαὶ
1501 2047 1637 2132 τὴν
1666 2048 1908 2132 ἄλλην
1937 2049 2311 2132 ἀτεχνίαν
2331 2053 2629 2115 Teurnier.
2744 2106 2745 2149 ἦ

712 2182 794 2196 -——
838 2149 1030 2216 κοινὰ
1058 2204 1072 2217 .
1099 2204 1112 2217 .
1141 2203 1155 2218 .
1192 2148 1470 2236 ἁρμονίᾳ
1490 2150 1513 2235 R
1532 2153 1852 2214 Abundant
1880 2154 2031 2215 haec
2061 2158 2199 2231 post
2226 2155 2637 2231 praecedentia
2744 2158 2745 2219 ᾗ

712 2250 752 2317 ἃ
773 2258 890 2330 μὲν
915 2250 1038 2320 οὖν
1061 2253 1288 2320 κοινὰ.
1318 2307 1332 2321 .
1359 2307 1373 2321 .
1412 2254 1708 2336 α’τεχνίαν
1735 2257 1991 2333 ideoque
2020 2261 2157 2318 sunt
2187 2256 2634 2318 exterminanda.

544 2361 676 2418 e.7.
708 2352 748 2419 ἃ
794 2355 864 2420 ‹5’
909 2358 992 2420 ἐν
1037 2361 1363 2440 ἱστορίᾳ
1407 2355 2069 2440 διαμαρτάνουσι
2110 2355 2131 2441 ΙΙ
2172 2356 2213 2423 ἃ
2258 2358 2327 2423 ‹5'
2371 2361 2442 2423 ἐν
2487 2363 2640 2423 ἱστο-

713 2464 820 2539 ρίᾳ
866 2459 940 2522 ἴὸ
951 2484 972 2522 ι
988 2483 1028 2522 α
1073 2456 1112 2523 ἃ
1126 2483 1171 2535 μ
1185 2484 1224 2522 α
1240 2483 1278 2541 ρ
1292 2484 1330 2522 τ
1344 2455 1384 2523 οἱ
1399 2484 1439 2523 ν
1454 2484 1492 2524 ο
1509 2478 1628 2524 υσι.
1718 2462 2029 2522 Tournier.
2114 2461 2467 2522 Coniectura
2507 2477 2638 2521 vere
2738 2455 2743 2460 ’

711 2562 1026 2641 palmari83
1072 2563 1227 2625 ἴδια
1271 2580 1478 2639 oppos.
1509 2561 2059 2639 praecedentibus‘
2032 2587 2072 2627 α
2099 2567 2218 2640 μὲν
2254 2558 2377 2628 οὖν
2421 2556 2639 2629 κοινὰ

761 2713 773 2725 .
811 2712 824 2726 .
876 2659 1307 2744 ἁμαρτήματα.
1361 2695 1438 2708 -·
1485 2660 1578 2728 τὰ
1621 2672 1891 2729 τοιαῦτα
1936 2662 2017 2729 ἂν
2062 2661 2270 2746 εῧροις
2311 2660 2331 2745 Ι
2376 2666 2514 2727 del.
2556 2686 2638 2727 τα
2742 2699 2743 2710 ¹

714 2761 973 2840 Sauppe.
1004 2800 1087 2809 —
1116 2773 1318 2851 στενῷ
1345 2773 1453 2851 τῷ
1482 2770 1694 2851 ἰσθμῷ
1719 2761 1743 2847 fl
1768 2792 1806 2830 τ
1822 2790 1877 2852 ῳ
1908 2765 2638 2844 Sauppe.1·*ritzsehe.—

717 2868 804 2940 εἰς
859 2861 1029 2944 υψος
1084 2865 1546 2949 ἐπαίροντεςΙΙ
1600 2868 1978 2949 αι’ροντες
2034 2869 2132 2930 Fr.
2186 2869 2319 2929 coll.
2367 2886 2418 2930 o.
2472 2874 2544 2929 14
2586 2870 2640 2926 et

715 2964 909 3027 Somn.
957 2986 1005 3030 ο.
1048 2973 1139 3030 15.
1185 2965 1406 3050 α’ρθεὶς
1435 3020 1448 3034 .
1486 3020 1501 3034 .
1535 3019 1549 3033 .
1592 2974 1677 3046 εἰς
1719 2965 1900 3048 ὕψος.
1950 3001 2033 3013 ·-
2079 2970 2139 3032 εἴ
2162 2993 2231 3047 γε
2257 2976 2355 3053 τῷ
2395 2973 2513 3045 μὲν
2554 2969 2639 3046 ἐγ-

714 3065 1104 3149 κωμιάζοντι
1144 3067 1360 3147 μόνου
1403 3067 1547 3148 ἑνὸς
1588 3074 1778 3150 μέλει,
1823 3069 2134 3135 ὁπωσοῦν
2178 3073 2502 3135 ἐπαινέσαι
2541 3074 2639 3134 καὶ

716 3166 1031 3250 εὐφρᾶναι
1074 3191 1125 3233 τ.
1177 3167 1647 3245 ἐπαινούμενον
1689 3174 1815 3233 καὶ
1870 3173 1939 3232 εἰ
1975 3172 2358 3255 ψευσαμένῳ
2404 3164 2636 3250 ὑπάρ-

711 3293 832 3349 χει
876 3285 1090 3351 τυχεῖν
1120 3277 1239 3335 τοῦ
1275 3274 1536 3350 τέλους,
1578 3269 1866 3349 ὀλίγον
1911 3268 2002 3334 ἂν
2047 3263 2641 3353 φροντίσαιενΙ

717 3372 778 3435 εἴ
813 3395 882 3451 γε
923 3423 938 3438 .
987 3424 1001 3438 .
1051 3423 1065 3438 .
1113 3369 1325 3450 μόνου
1367 3370 1515 3449 ἑνὸς
1554 3375 1726 3449 μέλει
1769 3424 1783 3439 .
1830 3424 1843 3437 .
1893 3424 1906 3438 .
1957 3424 1971 3438 .
2021 3370 2339 3455 εὐφρᾶναι
2380 3398 2432 3438 τ.
2483 3375 2640 3437 ἐπαι-

718 3470 1042 3550 νούμενον
1085 3472 1234 3539 κᾶν
1276 3478 1661 3561 ψευσαμένῳ
1707 3471 2018 3556 ὑπάρχῃ
2062 3489 2278 3556 τυχεῖν
2314 3499 2366 3540 τ.
2407 3479 2634 3549 τέλους.

720 3574 1025 3655 [ὀλίγον
1081 3574 1172 3641 ἂν
1230 3580 1477 3659 φρον.]
1543 3577 1710 3639 det.
1795 3577 1957 3651 „Qui
2020 3580 2239 3640 laudat
2293 3579 2412 3641 hoc
2461 3580 2638 3640 solum

716 3687 984 3756 spectat,
1041 3688 1111 3741 ut
1153 3697 1326 3755 quem
1370 3682 1587 3742 laudat
1640 3682 1849 3755 quovis
1899 3679 2074 3742 modo
2120 3681 2408 3753 delectet,
2465 3682 2557 3742 vel
2589 3679 2639 3738 si

722 3779 896 3857 (κᾶν)
952 3784 1020 3843 id
1071 3799 1195 3843 non
1241 3791 1447 3858 potest
1491 3785 1636 3856 fieri
1692 3784 1811 3844 nisi
1863 3782 2243 3844 mendacio.“
2349 3782 2447 3843 Sic
2507 3780 2638 3842 scri·

718 3886 975 3946 bendum
1035 3902 1166 3945 esse
1228 3889 1287 3945 et
1327 3885 1512 3945 solius
1557 3885 1686 3946 eod.
1729 3883 1790 3954 21
1834 3886 2012 3945 lectio
2054 3881 2181 3948 κᾶν
2223 3933 2239 3949 .
2274 3934 2289 3949 .
2326 3935 2340 3949 .
2403 3880 2636 3965 ὑπάρχῃ

720 3990 967 4045 testatur
1025 3988 1085 4044 et
1127 3986 1344 4046 omissa
1386 3988 1448 4045 in
1492 3982 1630 4045 ΩΓ
1659 3986 1717 4044 Η
1734 3986 1864 4046 arl.
1918 3986 2212 4063 particula
2253 3989 2313 4049 εἰ
2351 3990 2485 4063 post
2523 3987 2633 4048 καὶ.
