2800 4500
392 272 514 332 100
1281 274 1653 328 ΔΟΥΚΙΑΝΟΥ

321 452 361 506 4
394 442 564 510 θεὸν
608 437 648 509 ὅ
690 471 758 511 τι
805 471 885 509 αν
930 443 1019 533 μὴ
1065 444 1396 531 πρότερον
1441 458 1585 522 τοῖς
1619 446 1921 532 Δελφοῖς
1966 445 2146 531 δοκῇ.
2236 451 2296 509 4.
2342 438 2379 509 ὃ
2426 442 2687 525 μὲνωὸ

394 531 511 613 οῦν
554 544 827 624 Πύθιος
870 545 987 634 τὴν
1034 548 1299 614 δικαίαν
1345 542 1471 636 η’δη
1520 550 1679 632 περὶ
1733 551 1852 614 τοῦ
1911 541 2351 630 ἀναθήματος
2408 548 2571 630 ψῆ-

394 672 524 736 φον
582 644 877 735 ἤνεγκεν·
939 649 999 716 εἶ
1052 654 1209 735 γοῦν
1267 648 1486 733 ἐμίσει
1547 649 1665 716 τὸν
1726 649 2036 736 Φάλαριν
2092 639 2134 738 ἢ
2188 648 2265 715 τὸ
2330 648 2572 732 δῶρον

396 744 597 818 αὐτοῦ
643 749 1068 834 εμυσάττετο,
1115 751 1349 840 ῥᾴδιον
1392 748 1473 838 ἢν
1518 750 1585 818 ἐν
1631 755 1729 838 τῶ
1751 746 1988 838 Ἰωνίῳ
2034 755 2218 837 μέσῳ
2259 749 2574 815 καταδῦ-

395 875 512 919 σαι
561 846 720 920 αυτὸ
767 852 938 938 μετὰ
984 858 1101 943 τῆς
1148 849 1435 942 άγούσης
1479 850 1792 935 ὁλκάδος,
1849 851 1885 920 0‘
1932 854 2004 921 δὲ
2051 852 2224 920 πολὺ
2269 846 2574 918 τούναν-

393 961 541 1022 τίον
602 980 669 1021 εν
733 950 924 1045 εύδίᾳ
979 981 1054 1023 τε
1112 955 1740 1051 διαπεραιωθῆναι,
1800 949 1893 1035 ω’ς
1951 979 2156 1045 φασι,
2215 959 2575 1041 παρέσχεν

324 1063 361 1118 5
401 1050 630 1135 αὐτοῖς
671 1063 784 1126 καὶ
832 1062 966 1136 σῶς
1013 1084 1080 1136 ες
1122 1057 1240 1148 τὴν
1286 1065 1544 1181 Κίρραν
1587 1063 1895 1141 κατᾶραι.
1985 1065 2045 1125 5.
2093 1052 2149 1146 ᾧ
2192 1059 2301 1124 καὶ
2351 1057 2575 1143 δῆλον

394 1155 503 1228 ότι
549 1167 910 1243 προσίεται
953 1160 1073 1247 τὴν
1118 1164 1237 1226 τοῦ
1284 1160 1616 1244 μονάρχου
1675 1156 2035 1246 εὐσέβειαν.
2119 1159 2239 1248 χρὴ
2302 1158 2376 1224 δὲ
2438 1162 2577 1226 καὶ

395 1259 570 1347 ῦμᾶς
612 1261 697 1328 τὰ
747 1261 913 1329 αὐτὰ
960 1262 1186 1350 ἐκείνῳ
1230 1268 1752 1352 ψηφισαμένους
1808 1268 2220 1349 προσθεῖναι
2276 1264 2386 1328 καὶ
2430 1261 2576 1329 τὸν

395 1371 639 1451 ταῦρον
685 1369 947 1433 τουτονὶ
990 1369 1089 1451 τῷ
1134 1363 1315 1453 ἄλλῳ
1359 1365 1591 1453 κόσμῳ
1633 1369 1755 1432 τοῦ
1803 1368 2012 1449 ἱεροῦ·
2074 1364 2226 1432 ἐπεὶ
2275 1364 2577 1431 πάντων

399 1459 480 1535 ἃν
525 1469 627 1556 εἴη
673 1471 871 1534 τοῦτο
917 1461 1387 1550 ἀτοπώτατον,
1434 1469 1804 1553 πέμψαντά
1846 1495 2000 1536 τινα
2040 1468 2577 1555 μεγαλοπρεπὲς

398 1571 573 1638 οὕτω
621 1572 835 1655 δῶρον
879 1575 1029 1658 θεῳ
1079 1569 1197 1659 τὴν
1255 1571 1824 1652 καταδικάζουσαν
1881 1570 1948 1638 ἐκ
2006 1575 2128 1638 τοῦ
2187 1572 2368 1657 ἱεροῦ
2410 1574 2579 1658 ψῆ-

400 1699 530 1762 φον
577 1674 805 1757 λαβεῖν
847 1676 959 1739 καὶ
1004 1672 1261 1756 μισθὸν
1304 1680 1731 1755 κομίσασθαι
1772 1677 1891 1761 τῆς
1936 1667 2277 1791 εὐσεβείας
2318 1672 2394 1740 τὸ
2446 1698 2579 1740 κε-

328 1778 367 1833 6
402 1777 689 1858 κρίσθαι
718 1772 886 1858 μηδὲ
914 1775 1032 1838 τοῦ
1066 1765 1466 1838 άνατιθέναι
1500 1768 1705 1852 αξιος.
1768 1779 1827 1840 6.
1860 1799 1895 1840 ο
1930 1773 2050 1857 μὲν
2082 1798 2200 1839 ουν
2228 1765 2581 1839 τᾶναντία

398 1899 518 1958 μοι
576 1873 901 1960 εγνωκώς,
970 1874 1287 1960 καθάπερ
1348 1874 1418 1941 ἐκ
1473 1879 1595 1941 τοῦ
1638 1869 2081 1962 Ακράγαντος
2139 1871 2293 1959 άρτι
2344 1898 2578 1940 κατα-

398 1975 812 2058 πεπλευκώς,
861 1976 1126 2065 σφαγάς
1168 2001 1358 2054 τινας
1400 1980 1510 2043 καὶ
1555 1983 1712 2063 βίας
1741 1981 1854 2046 καὶ
1886 1973 2197 2064 ἁρπαγὰς
2224 1980 2336 2044 καὶ
2369 1970 2576 2043 άπα-

399 2078 617 2166 γωγὰς
662 2079 1022 2167 ἐτραγῴδει
1064 2084 1184 2146 τοῦ
1232 2073 1556 2166 τυράννου
1613 2080 1819 2164 μόνον
1877 2074 1993 2146 οῦκ
2051 2074 2391 2169 αὐτόπτης
2446 2105 2574 2166 γε·

399 2187 731 2272 γενῆσθαι
775 2185 1011 2271 λέγων,
1071 2182 1147 2250 ὃν
1193 2183 1386 2268 ἰ’σμεν
1434 2176 1577 2250 οὐδ’
1632 2178 1783 2270 ἄχρι
1825 2187 1945 2251 τοῦ
1997 2184 2243 2251 πλοίου
2301 2176 2573 2251 ἀποδε-

402 2285 760 2374 δημηκότα.
845 2285 968 2374 χρὴ
1016 2286 1087 2353 δὲ
1132 2284 1218 2351 τὰ
1262 2285 1383 2369 μὲν
1426 2289 1705 2352 τοιαῦτα
1748 2286 1917 2374 μηδὲ
1951 2299 2095 2363 τοῖς
2123 2289 2575 2354 πεπονθέναι

401 2388 739 2476 φάσκουσι
805 2388 987 2454 πάνυ
1054 2388 1399 2454 πιστεύειν
1466 2388 1923 2475 διηγουμένοις
1975 2426 2062 2436 -
2119 2384 2366 2478 ἄδηλον
2428 2389 2570 2476 γὰρ

404 2489 463 2556 εἰ
509 2485 737 2579 ἀληθῆ
784 2492 1083 2576 λέγουσιν
1129 2528 1201 2538 -
1258 2515 1373 2573 ουχ
1418 2482 1607 2568 ὁπως
1653 2485 1894 2569 αῦτους
1924 2490 1966 2557 ἃ
1997 2489 2086 2575 μὴ
2122 2490 2572 2575 ἐπιστάμεθα

334 2605 365 2660 7
402 2607 809 2679 κατηγορεῖν.
899 2598 959 2659 7.
1007 2590 1066 2658 εἶ
1112 2585 1175 2657 δ’
1230 2578 1344 2658 οῦν
1388 2617 1457 2659 τι
1511 2595 1621 2659 καὶ
1682 2598 2069 2678 πέπρακται
2124 2597 2430 2661 τοιοῦτον
2497 2593 2683 2666 &vm
2762 2580 2763 2589 ἵ

404 2697 707 2784 Σικελίᾳ,
776 2687 950 2761 τοῦτ’
1016 2720 1092 2761 ου
1149 2695 1451 2782 Δελφοῖς
1518 2688 1875 2782 ἀναγκαῖον
1943 2698 2568 2783 πολυπραγμονεῖν,

407 2799 467 2866 εἰ
508 2797 599 2887 μὴ
648 2791 798 2864 ἀντὶ
848 2798 1075 2881 ἱερέων
1118 2792 1244 2884 ἤδη
1292 2798 1602 2864 δικασταὶ
1649 2794 1823 2865 εἶναι
1869 2792 2181 2884 ἀξιοῦμεν
2225 2806 2361 2883 καί,
2411 2798 2570 2867 δέον

404 2902 601 2968 θύειν
644 2904 758 2967 καὶ
800 2895 1012 2966 τᾶλλα
1055 2898 1467 2986 θεραπεύειν
1511 2898 1628 2966 τὸν
1672 2899 1840 2967 θεὸν
1881 2905 1991 2968 καὶ
2038 2906 2573 2970 συνανατιθέναι

408 3005 468 3072 εἰ
511 3007 812 3089 πέμψειέ
854 3026 978 3083 τις,
1027 3005 1432 3080 σκοποῦντες
1473 3002 1846 3092 καθήμεθα
1891 3003 1959 3070 εἰ’
1994 3029 2170 3083 τινες
2212 3009 2349 3071 τῶν
2392 3001 2570 3091 ὑπὲρ

337 3130 374 3185 8
410 3108 528 3177 τὸν
563 3101 825 3174 Ἰώνιον
884 3106 1157 3182 δικαίως
1212 3094 1254 3194 ἢ
1311 3098 1582 3183 άδίκως’
1617 3110 2111 3193 τυραννοῦνται.
2202 3112 2262 3174 8.
2309 3110 2425 3175 καὶ
2480 3107 2569 3173 τὰ

407 3213 528 3299 μὲν
573 3214 707 3277 τῶν
753 3204 972 3274 ἄλλων
1018 3205 1216 3290 ἐχέτω
1263 3206 1399 3294 ὅπῃ
1444 3207 1786 3291 βούλεται·
1832 3204 1992 3294 ἡμῖν
2050 3210 2123 3276 δὲ
2180 3204 2570 3301 ἀναγκαῖον,

410 3312 617 3399 οἶμαι,
663 3311 748 3377 τὰ
793 3307 1080 3398 ἡμέτερα
1128 3303 1345 3375 αὐτῶν
1392 3308 1661 3391 εἰδέναι,
1707 3304 1897 3390 ὅπως
1926 3337 2000 3379 τε
2028 3313 2250 3381 πάλαι
2281 3316 2573 3385 διέκειτο

412 3518 481 3584 ἐν
536 3531 850 3605 κρημνοῖς
905 3539 980 3582 τε
1038 3516 1343 3598 οἰκοῦμεν
1403 3508 1595 3582 αύτοὶ
1650 3517 1763 3582 καὶ
1820 3522 2074 3639 πέτρας
2128 3524 2574 3607 γεωργοῦμεν,

413 3614 525 3704 οὐχ
555 3612 860 3707 (Όμηρον
899 3616 1021 3706 χρὴ
1071 3621 1454 3701 περιμένειν
1499 3616 1886 3704 δηλωσοντα
1942 3618 2131 3706 ἡμῖν,
2195 3615 2350 3688 ἀλλ’
2405 3620 2577 3709 ὁρᾶν

411 3718 703 3804 πάρεστι
745 3720 987 3783 ταῦτα·
1033 3707 1202 3781 καὶ
1177 3708 1339 3782 όσον
1371 3713 1484 3780 επὶ
1518 3717 1601 3802 τῇ
1629 3718 1731 3801 γῇ,
1775 3720 1990 3799 βαθεῖ
2021 3719 2196 3805 λιμῷ
2229 3713 2335 3789 ἀεὶ
2372 3728 2578 3813 συνῆ-

410 3848 530 3907 μεν
591 3847 689 3886 αν.
777 3817 852 3885 τὸ
914 3819 986 3885 δὲ
1050 3815 1230 3901 ἱερὸν
1286 3818 1397 3882 καὶ
1458 3843 1492 3882 ο
1541 3816 1814 3895 Πύθιος
1868 3822 1976 3885 καὶ
2036 3818 2111 3887 τὸ
2168 3826 2580 3913 χρηστήριον

411 3928 522 3991 καὶ
570 3924 636 3989 οἱ
680 3921 965 3996 θύοντες
1007 3922 1119 3985 καὶ
1168 3919 1231 3984 οἱ
1278 3910 1700 4001 εὗσεβοῦντες
1741 3923 1955 3986 ταῦτα
1983 3923 2274 4011 Δελφιῦν
2320 3925 2405 3992 τὰ
2452 3952 2579 3996 πε·

415 4026 560 4107 δία,
619 4026 831 4090 ταῦτα
887 4018 926 4110 ἡ
987 4019 1355 4104 πρόσοδος,
1414 4017 1722 4086 ἐντεῦθεν
1778 4017 1817 4110 ἢ
1879 4016 2195 4111 εὐπορία,
2257 4024 2580 4099 ἐντεῦθεν
