2800 4500
790 298 919 351 ΠΩΣ
954 299 1061 350 AB!
1098 298 1397 351 ΙΣΤΟΡΙΑΝ
1434 298 1852 351 ΣΥΓΓΡΑΦΕΙΝ.
2359 296 2396 353 3

235 464 331 546 ιῦς
386 466 874 552 κοινωνήσαιμι
936 460 1171 544 αὐτοῖς
1217 469 1336 553 τῆς
1393 465 1809 549 οἰκοδομίας,
1870 464 1930 531 εἰ
1974 467 2085 531 καὶ
2144 463 2230 548 μὴ
2280 469 2396 552 τῆς

236 570 639 658 ἐπιγραφῆς,
687 564 867 656 ἄκρῳ
912 593 986 654 γε
1028 572 1124 654 τῷ
1171 567 1472 653 δακτύλῳ
1518 572 1635 635 τοῦ
1681 569 1897 656 πηλοῦ
1944 566 2394 652 προσαψάμε-

234 697 370 749 νος.
463 679 522 738 5.
567 677 790 737 καίτοι
834 663 987 736 οὐδὲ
1037 674 1499 755 παραινέσεως
1543 670 1609 735 οἱ
1655 671 1899 735 πολλοὶ
1947 668 2085 735 δεῖν
2130 667 2390 734 οἴονται
2426 680 2462 734 5

232 780 478 860 σφίσιν
522 772 639 839 ἐπὶ
683 771 759 839 τὸ
809 773 1108 856 πρᾶγμα,
1155 769 1232 837 οὐ
1276 772 1528 855 μᾶλλον
1572 760 1615 856 ἢ
1657 775 1885 858 τέχνης
1927 768 2109 847 τινὸς
2154 767 2271 836 ἐπὶ
2314 767 2389 836 τὸ

227 875 536 959 βαδίζειν
564 864 607 960 ἢ
634 875 915 957 βλέπειν
948 862 987 958 ἢ
1019 871 1298 952 ἐσθίειν,
1348 866 1520 937 ἀλλὰ
1557 867 1737 938 πάνυ
1784 874 2033 960 ῥᾷστον
2076 875 2188 938 καὶ
2207 871 2391 962 ,πρό-

222 1002 455 1063 χειρον
483 978 595 1043 καὶ
628 968 930 1052 ἅπαντος
961 971 1131 1040 εἶναι
1165 975 1468 1058 ἱστορίαν
1500 973 1901 1060 συγγράψαι,
1949 969 2029 1060 ἥν
2057 998 2161 1051 τις
2191 971 2391 1061 ἑρμη-

232 1082 471 1145 νεῦσαι
513 1075 588 1144 τὸ
639 1075 938 1143 ἐπελθὸν
986 1075 1291 1163 δύνηται·
1336 1075 1411 1142 τὸ
1462 1076 1534 1142 δὲ
1578 1073 1790 1142 οἶσθά
1836 1101 1969 1142 που
2013 1079 2123 1142 καὶ
2171 1070 2389 1155 αἰτός,

148 1196 178 1243 '1
231 1180 286 1247 ὥ
338 1181 580 1269 ἑταῖρε,
628 1176 719 1259 ὥς
750 1173 826 1247 οὗ
866 1183 998 1246 τῶν
1044 1174 1638 1265 εὐμεταχειρίστων
1683 1173 1835 1245 οὐδὲ
1880 1177 2204 1267 ῥᾳθύμως
2237 1199 2390 1244 συν-

227 1287 521 1371 τεθῆναι
565 1282 945 1366 δυναμένων
993 1273 1178 1347 τοῦτ’
1231 1279 1443 1361 ἐστίν,
1504 1273 1654 1346 ἀλλ’
1662 1332 1679 1362 ,
1742 1280 1802 1348 εἰ
1845 1286 1959 1347 καί
2000 1305 2065 1346 τι
2113 1275 2275 1346 αλλο
2324 1279 2389 1346 ἐν

228 1385 476 1471 λόγοις,
523 1385 778 1472 πολλῆς
806 1387 924 1469 τῆς
965 1382 1325 1471 φροντίδος
1370 1377 1790 1467 δεόμενον,”
1747 1409 1827 1472 ην
1857 1406 1978 1460 τις,
2024 1377 2115 1459 ὥς
2144 1377 2179 1448 ὅ
2218 1385 2392 1447 Θου-

225 1486 502 1574 κυδίδης
548 1492 775 1573 φησίν,
821 1484 888 1562 ἐς
933 1478 1039 1552 ἆεὶ
1083 1488 1300 1572 κτῆμα
1346 1489 1717 1573 συντιθείη.
1806 1481 1959 1550 οἶδα
2001 1484 2121 1567 μὲν
2145 1508 2268 1550 ουν
2315 1477 2389 1549 οὐ

227 1588 415 1654 πάνυ
475 1584 769 1663 πολλοὺς
836 1583 1052 1651 αὐτῶν
1122 1583 1586 1672 ἐπιστρέψων,
1657 1584 1860 1662 ἐνίοις
1918 1586 1990 1651 δὲ
2045 1588 2156 1652 καὶ
2212 1585 2389 1651 πάνυ

224 1688 546 1776 ἐπαχθὴς
589 1687 821 1769 δόξων,
866 1689 976 1753 καὶ
1022 1680 1318 1769 μάλιστα
1361 1682 1652 1764 ὁπόσοις
1697 1680 2221 1754 ἀποτετέλεσται
2269 1682 2388 1774 ἤδη

225 1794 345 1857 καὶ
393 1789 461 1856 ἐν
504 1793 600 1875 τῷ
640 1791 843 1874 κοινῷ
889 1788 1221 1855 δέδεικται
1268 1785 1301 1875 ἦ
1353 1789 1635 1873 ἱστορία.
1726 1789 1786 1856 εἰ
1819 1790 1889 1856 δὲ
1919 1793 2032 1856 καὶ
2064 1789 2390 1877 ἐπῄνηται

226 1890 369 1959 ὕπὸ
417 1896 550 1958 τῶν
593 1891 747 1958 τότε
791 1883 1339 1976 ἀκροασαμένων,
1378 1897 1608 1979 ,μανία
1650 1887 1776 1980 ἤδη
1823 1885 1866 1980 ἥ
1907 1917 1981 1977 γε
2026 1891 2249 1973 ἐλπίς,
2297 1888 2389 1969 ὥς

230 1995 301 2060 οἱ
349 1997 643 2061 τοιοῦτοι
686 1981 1332 2080 μεταποιήσουσινῆ
1374 1992 1888 2078 μεταγράψουσί
1929 2020 1996 2061 τι
2026 1997 2158 2060 τιῦν
2206 1987 2394 2071 ἅπαξ

227 2101 698 2180 κεκυρωμένων
742 2098 856 2161 καὶ
901 2087 1131 2180 ὥσπερ
1165 2093 1231 2172 ἐς
1259 2093 1383 2172 τὰς
1425 2097 1811 2179 βασιλείους
1858 2090 2066 2174 αὐλὰς
2111 2090 2388 2163 άποκει-

226 2202 470 2281 μένων.
572 2190 753 2283 ὅμως
821 2196 894 2263 δὲ
951 2189 1027 2264 οὗ
1090 2209 1311 2284 χεῖρον
1376 2201 1488 2264 καὶ
1559 2196 1730 2285 πρὸς
1798 2192 2035 2277 αὐτοὺς
2102 2197 2388 2276 ἐκείνους

228 2300 572 2387 εἰρῆσθαι,
618 2292 739 2380 ἵν’,
786 2298 853 2365 εἴ
879 2322 1049 2365 ποτε
1092 2298 1390 2382 πόλεμος
1436 2294 1637 2376 ἄλλος
1684 2306 1985 2387 συσταίη,
2032 2290 2386 2389 ἢΚελτοῖς

226 2401 406 2486 πρὸς
462 2405 669 2479 Γέτας
724 2390 766 2487 ἢ
815 2393 1058 2477 Ἰνδοῖς
1116 2399 1288 2486 πρὸς
1346 2407 1716 2485 Βακτρίους
1771 2440 1855 2449 -
1901 2396 1975 2467 οὐ
2030 2400 2155 2488 γὰρ
2215 2401 2388 2490 πρὸς

224 2500 407 2590 ἡμᾶς
448 2527 522 2588 γε
564 2500 953 2588 τολμήσειεν
987 2495 1069 2565 ἄν
1096 2525 1217 2581 τις,
1268 2496 1587 2568 ἁπάντων
1618 2498 1741 2590 ἤδη
1788 2508 2275 2589 κεχειρωμένων
2305 2540 2388 2551 -

224 2605 469 2687 ἔχωσιν
514 2627 789 2687 αμεινον
835 2605 1227 2667 συντιθέναι
1272 2601 1388 2669 τὸν
1433 2603 1680 2670 κανόνα
1726 2608 1965 2670 τοῦτον
2010 2604 2386 2691 προσάγον-

221 2731 368 2785 τες,
415 2701 625 2791 ἤνπερ
670 2729 744 2789 γε
788 2702 946 2789 δόξη
997 2696 1224 2824 αὐτοῖς
1269 2697 1485 2790 ὀρθὸς
1529 2702 1737 2771 εἶναι·
1799 2704 1860 2772 εἰ
1906 2706 1978 2771 δὲ
2021 2706 2145 2792 μή,
2195 2706 2384 2773 αὐτοὶ

221 2808 351 2892 μὲν
396 2809 506 2874 καὶ
551 2806 704 2873 τότε
746 2807 845 2890 τῷ
891 2797 1075 2890 αὐτῷ
1119 2804 1318 2890 πήχει
1380 2799 1629 2890 ὥσπερ
1654 2810 1767 2873 καὶ
1813 2810 1925 2872 νῦν
1969 2808 2387 2891 μετρούντων

140 2922 174 2971 8
222 2907 311 2990 τὸ
355 2911 661 2993 πρᾶγμα·
720 2932 755 2972 ο
808 2905 1038 2991 ιατρὸς
1096 2905 1167 2971 δὲ
1214 2931 1289 2972 ου
1336 2906 1515 2973 πάνυ
1575 2901 1956 2990 ἀνιάσεται,
2015 2899 2093 2999 ἢν
2138 2910 2386 2986 πάντες

215 3004 620 3097 Ἀβδηρῖται
665 3007 923 3085 ἑκόντες
965 3001 1413 3094 ,Ἀνδρομέδαν
1459 3010 1870 3096 τραγῳδῶσι.

403 3116 462 3176 6.
509 3113 818 3177 Διττοῦ
851 3108 934 3175 δὲ
965 3105 1206 3187 ὄντος
1250 3113 1392 3176 τοῦ
1427 3114 1566 3198 τῆς
1612 3114 2082 3201 συμβουλῆς
2127 3113 2384 3198 ἔργου,
2422 3138 2462 3193 6

221 3211 325 3279 τὰ
377 3212 516 3296 μ’ὲν
572 3210 718 3297 γὰρ
783 3211 1251 3295 αἱρεῖσθαι,
1308 3212 1405 3278 τὰ
1454 3212 1533 3278 δὲ
1578 3213 1919 3300 φεύγειν
1980 3214 2382 3296 διδάσκει,

220 3318 431 3402 φέρε
461 3316 744 3398 πρῶτα
775 3312 1145 3395 εἴπωμεν
1179 3307 1424 3381 ἅτινα
1457 3321 1852 3402 φευκτέον
1882 3320 1989 3402 τῷ
2022 3317 2384 3402 ἱστορίαν

223 3414 810 3503 συγγράφοντι
839 3418 967 3481 καὶ
999 3408 1099 3481 ὦν
1128 3415 1472 3498 μάλιστα
1502 3420 2068 3503 καθαρευτέον,
2104 3418 2386 3486 ἔπειτα

223 3516 353 3594 οἶς
395 3516 817 3602 χρώμενος
863 3510 1006 3583 οὐκ
1050 3507 1142 3582 ἂν
1189 3516 1553 3601 ἁμάρτοι
1596 3529 1739 3606 τῆς
1784 3513 2052 3606 ὀρθῆς
2081 3523 2218 3587 καὶ
2250 3515 2376 3586 ἐπ’
2436 3587 2446 3595 ,

225 3613 433 3685 εὐθὺ
482 3612 784 3705 άγούση
803 3643 856 3695 ς.
947 3612 1147 3707 ἀρχὴν
1194 3619 1266 3684 δὲ
1298 3619 1449 3685 οἵαν
1497 3614 1675 3705 αὐτῷ
1722 3614 1994 3708 ἀρκτέον
2038 3625 2148 3689 καὶ
2195 3623 2380 3701 τάξιν

223 3714 459 3808 ἥντινα
515 3732 658 3797 τοῖς
717 3718 933 3806 ἔργοις
991 3719 1450 3807 ἐφαρμοστέον
1506 3723 1616 3788 καὶ
1660 3727 1901 3806 μέτρον
1948 3722 2226 3791 ἑκάστου
2271 3730 2385 3791 καὶ

226 3821 270 3888 ἃ
319 3825 702 3909 σιωπητέον
744 3824 856 3888 καὶ
889 3820 990 3899 οἶς
1035 3820 1540 3910 ἐνδιατριπτέον
1585 3825 1695 3890 καὶ
1741 3816 1871 3890 ὅσα
1915 3827 2381 3911 παραδραμεῖν

225 3920 502 4007 ἄμεινον
530 3921 644 3988 καὶ
676 3915 865 4000 ὅπως
909 3922 1186 4012 ἑρμηνεῖ
1190 3948 1305 3992 σαι
1354 3919 1520 3991 αὐτὰ
1550 3929 1662 3992 καὶ
1693 3928 2126 4014 συναρμόσαι,
2174 3933 2384 3996 ταῦτα

221 4026 343 4110 μὲν
389 4027 499 4091 καὶ
545 4023 630 4090 τὰ
677 4029 954 4092 τοιαῦτα
1011 4026 1317 4113 ὕστερον·
1376 4032 1488 4093 νῦν
1535 4027 1606 4093 δὲ
1650 4027 1771 4105 τὰς
1814 4035 2046 4106 κακίας
2101 4025 2224 4118 ἤδη
2285 4032 2381 4097 εἴ·

2012 4132 2073 4183 l*
