2800 4500
570 256 887 317 QUOMODO
924 256 1228 311 HISTORIA
1266 255 1366 310 SIT
1406 255 1917 311 conscmBENnA.
2195 257 2312 316 305

374 430 548 506 pibus
603 431 884 492 indecore
939 430 1213 491 fruuntur
1265 432 1456 506 iisque
1500 447 1566 490 se
1618 432 1980 509 ingurgitant
2030 436 2095 491 ut
2148 433 2319 492 vilis-

376 534 537 593 simis
590 534 741 612 illis,
799 534 1014 610 quibus
1070 539 1247 595 antea
1301 535 1395 593 usi
1450 538 1615 613 sunt,
1676 534 1845 594 cibis.
1932 533 2318 611 comparatur

376 635 554 711 igitur
607 639 985 711 utrorumque
1041 635 1412 696 immodestia.
1453 639 1630 711 atque
1673 636 2054 697 inurbanitas.
2144 635 2318 710 Quod

376 742 439 797 ut
481 741 643 799 recte
686 740 1080 815 perspiciatur
1128 738 1507 799 inserendum
1549 742 1641 800 est
1683 735 1736 800 ὡ
1753 762 1785 815 ς
1826 740 2119 815 particula
2161 758 2315 801 com·

377 841 647 916 parativa
689 845 826 901 ante
872 842 1115 918 ἔτνους.
1195 842 1474 921 „Irruunt
1514 842 1577 900 in
1620 842 2107 917 exquisitissimos
2152 843 2315 903 cibos

381 942 588 1003 eodem
619 943 830 1003 ardore
861 947 1040 1019 atque
1069 945 1292 1020 impetu
1323 961 1441 1020 quo
1471 947 1609 1003 ante
1637 945 1699 1003 in
1727 943 2104 1022 salsamenta,
2136 942 2313 1006 alia“.

375 1045 608 1104 Placuit
662 1045 814 1106 haec
873 1048 1214 1107 coniectura
1269 1044 1519 1106 Rohdio.
1607 1042 1698 1106 Of.
1743 1045 2131 1106 Lucianea
2184 1065 2317 1106 mea

377 1147 628 1225 Leipzig
681 1151 858 1209 1872.
902 1166 961 1224 p.
1001 1153 1139 1209 146.
1191 1153 1328 1209 147.

174 1265 219 1309 ο.
246 1252 339 1311 21.
374 1246 835 1330 μετεγγράψαι
900 1247 925 1333 Ι
987 1246 1434 1331 μεταγράψαι
1491 1245 2032 1319 2211'Pafflarl.
2090 1284 2174 1296 —
2226 1247 2316 1328 ὡς

384 1347 630 1432 Ὀσρόης
673 1376 790 1429 τις
832 1348 1100 1434 εἱστήκει
1142 1356 1502 1433 περιμένων
1534 1349 1557 1435 fl
1588 1356 1783 1429 τέως
1826 1354 1924 1414 Fr.

176 1470 222 1516 c.
246 1456 338 1512 22.
372 1449 531 1534 ,,ἤδη
576 1457 955 1530 λελουμένοι
1010 1460 1155 1534 περὶ
1207 1451 1447 1530 αὐτοὺς
1490 1453 1865 1534 έγίγνοντο“
1891 1452 1936 1534 [l.
2027 1456 2319 1531 „Iamque

379 1558 487 1618 loti
514 1574 651 1618 cum
680 1566 876 1619 essent
916 1559 1002 1618 ad
1027 1560 1165 1618 illos
1202 1575 1270 1618 se
1297 1561 1767 1620 convertet-unffi
1802 1556 1865 1618 G.
1897 1558 1963 1619 F.
1994 1558 2314 1619 Hermann.

383 1656 669 1730 Quoniam
700 1657 851 1719 haec
881 1660 1069 1720 verba
1094 1657 1388 1736 fragmina
1429 1663 1654 1719 tantum
1693 1664 1831 1720 sunt
1873 1662 2156 1720 enuntiati
2198 1679 2318 1721 non

378 1764 576 1836 potest
618 1761 851 1841 dispici,
893 1761 971 1821 ad
1000 1779 1149 1837 quos
1183 1757 1416 1836 αὐτοὺς
1458 1760 1833 1822 referendum
1875 1764 1969 1822 sit.
2046 1762 2319 1824 Ceterum

380 1861 753 1922 manifestum
777 1867 868 1923 est
886 1864 948 1922 in
969 1863 1062 1923 his
1084 1868 1149 1924 ut
1176 1865 1237 1923 in
1258 1865 1633 1940 praegressis
1662 1865 1951 1940 exemplis
1979 1882 2099 1924 non
2127 1867 2317 1942 magis

382 1966 702 2024 sententias
726 1983 902 2041 quam
931 1966 1118 2026 verba
1145 1967 1470 2041 vituperari
1498 1962 1743 2046 (εὐτελῆ
1773 1962 2061 2042 ὀνόματα
2083 1972 2191 2030 καὶ
2216 1971 2318 2047 δη-

380 2062 613 2142 μοτικὰ
656 2071 763 2128 καὶ
807 2063 1096 2146 πτωχικὰ
1139 2063 1354 2131 πολλὰ
1396 2068 1932 2147 παρενεβέβυστο)
1963 2070 2317 2143 omninoque

382 2169 605 2244 opponi
627 2170 886 2244 graviori
909 2169 1149 2229 dictioni
1166 2170 1353 2229 verba
1376 2187 1452 2229 ex
1471 2171 1646 2229 trivio
1669 2203 1752 2213 —
1774 2164 1937 2232 ὥστε
1958 2166 2036 2234 τὸ
2057 2177 2317 2251 πρᾶγμα

387 2267 595 2346 ἐοικὸς
627 2270 788 2334 εἶναι
816 2275 1130 2356 τραγῳδῶ
1159 2268 1276 2335 τὸν
1307 2272 1528 2352 ἕτερον
1555 2276 1673 2348 μὲν
1703 2267 1871 2336 πόδα
1900 2270 2008 2335 ἐπ’
2038 2270 2319 2350 ἐμβάτου

386 2369 649 2453 ὑψηλοῦ
702 2369 1118 2453 βεβηκότι,
1173 2370 1530 2455 θάτερον
1582 2378 1659 2439 δὲ
1706 2370 2078 2461 σανδάλῳ
2137 2372 2333 2441 ὑπο-

387 2478 695 2561 δεδεμένῳ
729 2471 751 2557 ΙΙ
786 2473 1301 2557 ἐπιβεβηκότι
1347 2473 1532 2551 (ῼΓ
1562 2479 1691 2537 Pal.
1736 2478 1963 2554 Harl.)
2014 2482 2332 2566 θατέρῳ

390 2574 572 2653 (ῼΓ
605 2579 733 2638 Pal.
764 2578 994 2654 Harl.)
1040 2581 1116 2641 δὲ
1159 2575 1534 2664 σανδάλῳ
1580 2581 1732 2656 (Pal.
1762 2581 1994 2657 Harl.)
2040 2576 2334 2646 ὕποδεδε·

388 2682 562 2764 μένῳ
609 2676 1074 2765 (ὑποδεδεμένῳ
1119 2678 1221 2755 Ἃ).

193 2796 239 2838 c.
265 2783 357 2842 23.
388 2777 463 2844 τὸ
508 2787 692 2856 σῶμα
736 2784 800 2844 δὲ
833 2777 994 2845 αὐτὸ
1022 2777 1111 2844 τὸ
1141 2789 1253 2862 τῆς
1298 2785 1581 2862 ἱστορίας
1613 2779 1636 2864 ΙΙ
1668 2800 1792 2843 om.
1838 2779 1928 2847 τὸ
1970 2780 2033 2852 21
2073 2785 2204 2844 Pal.
2251 2819 2334 2830 —

391 2896 807 2964 προσωπεῖον
847 2880 1070 2963 ζΗρακ.
1131 2935 1144 2947 .
1179 2934 1194 2948 .
1229 2935 1243 2949 .
1305 2881 1343 2965 ἢ
1396 2894 1483 2947 Τι
1510 2909 1548 2947 τ
1570 2891 1610 2948 ᾶ
1633 2908 1672 2948 ν
1696 2907 1734 2947 ο
1757 2908 1789 2960 ς
1846 2892 2288 2966 περικείμενον
2317 2885 2335 2969 ss

391 2980 663 3061 Πανὸς
710 2984 782 3047 Ο.
827 2985 1001 3046 Jahn.
1048 3019 1130 3029 —
1175 2981 1527 3050 ναννώδει
1560 2984 1583 3065 ΙΙ
1615 2981 1911 3050 νανῶδει
1964 2987 2029 3046 Γ
2062 2990 2192 3050 Pal.

195 3101 239 3145 c.
265 3087 361 3146 24.
388 3084 535 3150 οὔτε
589 3083 667 3149 τὸ
722 3081 1074 3165 λεγόμενον
1127 3083 1202 3168 δὴ
1259 3095 1458 3152 τοῦτο
1503 3094 1639 3150 τῶν
1697 3088 1823 3150 ἐπὶ
1880 3096 2286 3171 κουρείων
2312 3086 2333 3174 Ι

396 3196 555 3252 τῶν
613 3189 760 3251 ε’πὶ
815 3195 1171 3274 κουρείῳ
1230 3192 1332 3269 „in
1389 3187 1732 3251 tonstrinis“
1775 3190 1871 3251 Fr.
1933 3208 2009 3250 ex
2064 3192 2335 3253 codicum

393 3292 660 3367 vestigiis
704 3290 915 3352 Harl.
972 3297 1090 3354 τῶι
1145 3291 1555 3374 ἐπικουρίωι,
1618 3291 1684 3350 Γ
1717 3298 1834 3353 τῶι
1881 3290 1980 3354 ἐπὶ
2037 3300 2331 3374 κουρίωι,

397 3390 446 3454 21
492 3399 584 3456 τῶ
630 3392 1029 3473 ἐπικουρείω.

55 3435 60 3560 ι
203 3507 251 3549 c.
278 3494 364 3553 25.
394 3491 545 3557 οὗτε
569 3491 920 3575 φαρμάκου
952 3508 1121 3558 πιεῖν
1144 3491 1293 3558 οὔτε
1321 3490 1471 3577 βρό
1479 3518 1631 3575 χον
1662 3491 1953 3574 ἅψασθαι
1982 3490 2004 3578 fl
2028 3492 2331 3575 βρόχον

57 3561 64 3684 l
396 3594 469 3657 52
490 3597 556 3656 Γ
588 3598 790 3657 Harl.
838 3596 900 3657 C.
949 3594 1016 3659 F.
1062 3597 1384 3658 Hermann.

208 3710 252 3754 c.
275 3699 361 3759 26.
392 3695 530 3764 τὸν
596 3702 998 3779 Θουκυδίδην
1039 3694 1063 3780 ΙΙ
1107 3717 1220 3760 om.
1276 3695 1397 3763 τὸν
1456 3701 1513 3761 A
1556 3698 1729 3769 uBk.
1784 3733 1868 3745 —
1926 3697 1963 3763 ὃ
2019 3696 2235 3782 ῥήτωρ
2293 3698 2331 3764 ὃ

399 3796 822 3882 Ἀφράνιος
854 3797 876 3883 ΙΙ
911 3794 972 3885 [ὃ
1017 3796 1378 3882 Ἀφράνιος]
1423 3801 1586 3864 det.
1632 3835 1715 3847 —
1760 3809 1896 3865 τῶν
1948 3810 2331 3867 πολυτελῶν

396 3904 714 3966 ἐκείνων
759 3906 1039 3966 δείπνων
1072 3900 1095 3985 ΙΙ
1130 3904 1455 3967 ἐκείνου
1499 3904 1726 3966 ΒοΙιᾶθ.

213 4014 255 4059 c.
277 4006 365 4062 27.
391 4012 590 4069 ταῦτα
636 4000 849 4070 πάνυ
884 4002 1039 4081 μετὰ
1069 4029 1132 4070 π.
1168 4011 1520 4087 φροντίδος
1549 4002 1800 4084 διεξιών
1830 4002 1849 4087 ΙΙ
1880 4002 2137 4070 πάντα
2168 4007 2331 4070 det.

296 4108 449 4154 Lucina
477 4110 532 4155 n.
567 4114 603 4156 Ι.
1952 4108 2016 4158 20
