2800 4500
740 224 870 278 ΠΩΣ
905 226 1009 277 AB!
1044 225 1343 277 ΙΣΤΟΡΙΑΝ
1378 225 1797 281 ΣΥΓΓΡΑΦΕΙΝ.
2301 228 2338 285 9

181 416 354 479 γαγε
398 391 586 477 παρὰ
639 392 1048 459 Θουκυδίδου
1088 392 1501 481 χρησάμενος
1548 386 1702 459 ὅλον
1749 390 1955 482 ὂὶρδην
1999 394 2175 482 πλὴν
2218 396 2343 479 μό-

185 520 311 560 νου
357 505 478 560 τοῦ
522 497 938 579 Πελασγικοῦ
990 497 1097 561 καὶ
1144 498 1274 560 τῶν
1318 498 1553 577 τειχῶν
1595 498 1729 561 τῶν
1771 499 2070 582 μακρῶν,
2130 494 2199 562 ἐν
2245 496 2345 575 οἷς

186 596 259 663 οἱ
307 594 464 662 τότε
509 595 955 679 λοιμώξαντες
999 592 1299 682 ᾠκησαν,·
1341 594 1428 663 τὰ
1459 596 1523 662 δ’
1571 591 1742 662 άλλα
1770 600 1882 664 καὶ
1913 592 2051 664 άπὸ
2084 598 2344 666 Αἰθιο·

186 706 367 777 πίας
422 693 696 784 ἤρξατο,
755 691 930 764 ῶστε
983 701 1096 764 καὶ
1141 697 1209 775 ἐς
1249 698 1610 784 Αίγυπτον
1666 704 1905 787 κατέβη
1962 701 2069 766 καὶ
2119 699 2185 778 ἐς
2227 700 2348 787 τὴν

184 801 531 885 βασιλέως
581 803 700 887 γῆν
755 797 874 889 τὴν
929 799 1220 886 πολλήν,
1278 803 1388 867 καὶ
1450 799 1518 866 ἐν
1577 799 1784 888 ἐκείνῃ
1825 826 1916 886 γε
1972 800 2226 886 ε’μεινεν
2278 828 2347 869 ευ

189 905 455 969 ποιῶν.
488 900 655 987 ἐγώ
709 905 865 987 γοῦν
924 901 1287 968 θάπτοντα
1346 902 1444 969 ἔτι
1504 896 1705 969 αὐτὸν
1760 902 2150 971 καταλιπών
2195 928 2350 982 τους

189 998 493 1082 ἀθλίους
531 997 943 1091 Ἀθηναίους
974 1003 1040 1070 ἐν
1073 1009 1313 1088 Νισίβι
1344 997 1663 1092 ἀπῆλθον
1696 999 1982 1089 ἀκριβῶς
2014 1004 2209 1084 εἰδώς
2235 1010 2350 1073 καὶ

104 1099 322 1172 23όσα
373 1100 800 1183 ἀπελθόντος
847 1103 1018 1190 ἐρεῖν
1064 1105 1316 1190 ε’μελλε.
1391 1109 1506 1172 καὶ
1533 1105 1659 1192 γὰρ
1693 1134 1773 1173 αυ
1803 1108 1912 1173 καὶ
1957 1113 2152 1172 τοῦτο
2199 1106 2351 1175 ἔπι-

192 1211 397 1285 εικῶς
443 1205 616 1273 πολὺ
664 1210 776 1273 νῦν
822 1205 984 1287 εστι,
1030 1205 1105 1273 τὸ
1155 1206 1433 1273 οἴεσθαι
1477 1201 1662 1273 τοῦτ’
1715 1204 1890 1275 εἶναι
1921 1221 2065 1286 τοῖς
2100 1213 2352 1275 Θουκυ-

194 1311 395 1376 δίδου
455 1308 719 1377 ἐοικότα
766 1311 1006 1394 λέγειν,
1069 1308 1129 1375 εἰ
1173 1302 1399 1394 ὀλίγον
1459 1304 1786 1394 ἐντρέψας
1830 1308 1915 1376 τὰ
1960 1303 2128 1376 αὐτὰ
2186 1308 2353 1377 ἐκεί-

193 1439 292 1498 νῳ
345 1414 524 1497 λέγοι
563 1435 700 1491 τις,
744 1409 948 1498 μικρὰ
993 1410 1209 1498 ῥάκια,
1256 1403 1447 1489 ὅπως
1490 1414 1600 1478 καὶ
1648 1405 1848 1490 αὐτὸς
1894 1401 1973 1477 ἂν
2018 1417 2207 1500 φαίη,
2254 1406 2352 1492 [οὗ

195 1509 292 1581 δι’
366 1508 592 1599 αὗτήν]
661 1514 747 1597 (†)
820 1511 894 1601 νὴ
952 1519 1089 1580 Δία
1145 1506 1405 1580 κάκεῖνο
1462 1507 1689 1599 ὀλίγου
1746 1514 1884 1580 δεῖν
1943 1516 2355 1599 παρέλιπον·

196 1613 231 1683 o‘
268 1615 396 1704 γὰρ
433 1609 632 1692 αὐτὸς
677 1608 870 1692 οὗτος
916 1613 1329 1700 συγγραφεὺς
1374 1613 1595 1681 πολλὰ
1639 1619 1752 1682 καὶ
1794 1619 1927 1681 τῶν
1972 1615 2203 1682 ὅπλων
2246 1618 2357 1682 καὶ

195 1723 338 1785 τῶν
397 1716 915 1805 μηχανημάτων,
974 1713 1065 1794 ῶς
1112 1713 1434 1801 Ῥωμαῖοι
1494 1711 1660 1783 abaco}
1718 1711 2187 1801 ὀνομάζουσιν,
2245 1710 2358 1784 ου’-

198 1845 340 1898 τως
403 1813 770 1906 ἀνέγραψε,
830 1822 941 1886 καὶ
997 1819 1258 1907 τάφρον
1304 1815 1396 1897 ώς
1451 1818 1689 1887 ἐκεῖνοι
1744 1822 1855 1886 καὶ
1910 1826 2203 1907 γέφυραν
2247 1823 2359 1887 καὶ

198 1923 288 1989 τὰ
320 1925 622 1989 τοιαῦτα.
696 1927 809 1988 καί
848 1947 967 2005 μοι
1012 1921 1324 2009 ἐννόησον
1367 1917 1596 2008 ἥλίκον
1623 1920 1699 1988 τὸ
1736 1916 1998 2005 ἀξίωμα
2027 1925 2145 2011 τῆς
2178 1923 2360 1989 ἱστο-

203 2032 364 2109 ρίας
418 2027 532 2090 καὶ
592 2019 682 2101 ῶς
744 2024 1113 2111 Θουκυδίδῃ
1180 2028 1476 2110 πρέπον,
1543 2022 1789 2107 μεταξυ
1857 2027 1990 2090 τῶν
2038 2018 2362 2091 Ἀττικῶν

204 2123 561 2210 ὀνομάτων
626 2124 709 2190 τὰ
769 2119 1175 2192 Ιταλιωτικὰ
1247 2129 1459 2191 ταῦτα
1533 2124 1909 2211 ἐγκεῖσθαι,
1985 2123 2213 2211 ὥσπερ
2282 2123 2360 2214 δὴ

207 2229 572 2318 πορφύραν
619 2226 1110 2312 επικοσμοῦντα
1141 2230 1250 2295 καὶ
1288 2226 1721 2315 ἐμπρέποντα
1766 2231 1878 2295 καὶ
1909 2228 2180 2307 πάντως
2209 2251 2362 2294 συν-

125 2333 484 2422 Ἃᾴδοντα.
591 2336 689 2398 16.
763 2328 962 2407 ἄλλος
1020 2330 1092 2397 δέ
1135 2355 1239 2407 τις
1298 2325 1514 2397 αὐτῶν
1571 2326 1933 2418 ὗπόμνημα
1996 2332 2123 2396 τῶν
2180 2354 2365 2416 γεγο-
2385 2343 2458 2399 16

207 2435 424 2503 νότων
496 2432 742 2520 γυμνὸν
814 2430 1196 2518 συναγαγῶν
1270 2425 1607 2554 ἀνέγραψε
1677 2432 1916 2519 κομιδῇ
1988 2432 2189 2512 πεζὸν
2254 2435 2363 2498 καὶ

204 2540 645 2622 χαμαιπετές,
696 2534 837 2602 οἷον
881 2537 991 2601 καὶ
1040 2533 1454 2622 στρατιώτης
1500 2530 1581 2600 άν
1623 2559 1727 2612 τις
1769 2534 1854 2600 τὰ
1899 2529 2065 2600 καθ’
2116 2529 2366 2623 ἡμέραν

208 2636 774 2726 υπογραφόμενος
830 2642 1192 2723 συνέθηκεν
1237 2663 1275 2723 η
1321 2642 1566 2702 τέκτων
1610 2626 1653 2724 ἢ
1697 2635 1998 2723 κάπηλός
2053 2661 2157 2714 τις
2202 2660 2367 2720 συμ-

213 2743 632 2825 περινοστῶν
689 2743 768 2826 τῇ
810 2742 1128 2858 στρατιᾷ.
1232 2738 1408 2827 πλὴν
1470 2732 1638 2803 ἀλλὰ
1703 2738 2145 2823 μετριώτερός
2200 2764 2272 2825 γε
2328 2765 2362 2805 ο

216 2836 490 2929 ιδιώτης
551 2866 744 2918 ουτος
793 2867 904 2926 ην,
966 2835 1164 2918 αυτὸς
1219 2840 1339 2924 μὲν
1396 2834 1630 2906 αυτίκα
1689 2841 1888 2929 δῆλος
1943 2869 2037 2909 ων
2083 2841 2225 2920 οἶος
2268 2828 2365 2927 ἦν,

215 2940 396 3031 αλλῳ
447 2945 519 3010 δέ
563 2970 698 3010 τινι
736 2949 1033 3028 χαρίεντι
1077 2944 1189 3008 καὶ
1248 2943 1670 3030 δυνησομένω
1719 2943 2020 3028 ἱστορίαν
2063 2968 2367 3029 μεταχει-

215 3051 555 3128 ρίσασθαι
598 3044 1150 3133 προπεπονηκώς
1241 3047 1440 3110 τοῦτο
1472 3044 1677 3127 μόνον
1720 3039 2099 3133 ᾐτιασάμην
2147 3040 2366 3127 αυτοῦ,

216 3142 323 3214 ότι
373 3139 584 3225 ου’τως
630 3145 975 3267 ἐπέγραψε
1016 3144 1100 3212 τὰ
1143 3148 1375 3230 βιβλία
1432 3146 1912 3232 τραγικώτερον
1954 3137 1996 3236 ἢ
2039 3173 2208 3213 κατα
2251 3145 2369 3232 τὴν

217 3254 348 3316 τῶν
429 3249 955 3334 συγγραμμάτων
1028 3248 1255 3336 τύχην·
1343 3247 1875 3337 ,Καλλιμόρφου
1950 3249 2182 3333 ἰατροῦ
2252 3253 2369 3334 τῆς

217 3356 350 3418 τῶν
406 3344 837 3438 κοντοφόρων
896 3350 1083 3439 ε’κτης
1139 3352 1453 3438 ἱστοριῶν
1510 3355 1912 3435 Παρθικῶν·
1933 3354 1972 3384 “
2035 3353 2146 3417 καὶ
2204 3346 2370 3418 ὑπε-

145 3470 198 3520 25
219 3458 553 3538 γέγραπτο
600 3451 839 3539 ἑκάστη
886 3480 921 3520 ο
971 3446 1286 3539 ἀριθμός.
1376 3455 1488 3519 καὶ
1534 3452 1608 3538 νὴ
1656 3458 1796 3519 Δία
1852 3455 1963 3519 καὶ
2008 3451 2082 3518 τὸ
2133 3458 2371 3539 προοί-

222 3580 376 3637 μιον
407 3551 838 3640 ὑπέρψυχρον
871 3553 1186 3642 ἐποίησεν
1219 3553 1432 3631 οὕτως
1463 3554 1878 3640 συναγαγών·
1926 3553 2168 3620 οἰκεῖον
2201 3550 2372 3620 εἶναι

229 3656 433 3742 ἰατρῷ
469 3658 771 3742 ιστορίαν
803 3656 1224 3744 συγγράφειν,
1273 3656 1339 3722 εἴ
1362 3682 1437 3741 γε
1468 3652 1502 3723 ὅ
1532 3650 1944 3744 Ἀσκληπιὸς
1973 3656 2093 3740 μὲν
2115 3649 2370 3722 Ἀπόλ-

227 3759 434 3835 λωνος
490 3757 666 3838 υἱός,
715 3752 1073 3825 Απόλλων
1133 3758 1205 3824 δὲ
1257 3763 1701 3846 Μουσηγέτης
1757 3760 1866 3824 καὶ
1925 3757 2149 3846 πάσης
2207 3783 2373 3823 παι-

229 3860 411 3936 δείας
457 3854 704 3946 ἅρχων·
751 3863 859 3927 καὶ
910 3854 1070 3945 [ὅτι]
1122 3855 1490 3945 ἀρξάμενος
1522 3860 1590 3926 ἐν
1619 3863 1701 3947 τῇ
1737 3854 1902 3928 Ἰάδι
1945 3859 2225 3946 γράφειν
2259 3853 2373 3925 οὐκ

228 3957 383 4026 οἶδα
426 3954 465 4027 3
509 3988 576 4029 τι
622 3961 821 4040 δόξαν
879 3956 1114 4029 αὐτίκα
1170 3960 1352 4045 μάλα
1412 3961 1526 4028 ἐπὶ
1572 3961 1692 4049 τὴν
1746 3960 1971 4050 κοινὴν
2025 3961 2370 4045 μετῆλθεν,
