2800 4500
440 237 522 296 72
1329 239 1708 297 AornANor

441 412 619 497 πρὸς
669 417 867 480 τοῦτο
914 412 1254 500 ἐνεδέησα,
1316 410 1809 498 ἐμαλακίσθην,
1868 400 1910 501 ἢ
1955 410 2402 495 προῖδόμενός
2443 436 2599 479 τινα

441 518 577 582 τῶν
624 515 736 583 διὰ
782 514 988 599 μέσου
1033 514 1352 582 κινδύνων
1399 508 1798 602 ἆπώκνησα;
1842 508 1960 580 οῦκ
1998 505 2078 580 ἂν
2110 513 2354 592 ε’ίποις.
2442 513 2601 598 μένε

444 624 669 684 τοίνυν
715 617 830 684 ἐπὶ
874 617 1112 683 τούτου
1158 615 1259 684 ἔτι
1300 615 1508 700 μόνου
1551 619 1659 683 καὶ
1708 616 1932 700 νόμιζε
1973 620 2094 683 τοῦ
2136 618 2430 704 θελῆσαι
2475 615 2602 700 μό-

448 746 564 787 νον
607 723 718 788 καὶ
761 723 882 787 τοῦ
922 719 1432 805 βουλεύσασθαι
1474 724 1704 801 ταῦτα,
1753 719 1812 786 εἰ
1844 723 1958 786 καὶ
1984 718 2078 807 μὴ
2103 718 2392 808 χρηστὸν
2423 712 2603 785 ἄπο-

445 823 747 910 βεβήκει,
808 822 878 889 ἐκ
920 848 993 908 γε
1041 827 1162 911 τῆς
1218 822 1481 910 γνώμης
1537 818 1738 909 αὐτῆς
1792 822 2213 889 καταστάντα
2268 848 2354 906 με
2409 822 2604 909 γέρας

451 919 680 1004 ἀξιοῦν
726 921 819 1003 ὥς
879 919 1218 1014 ε’ὖεργέτην
1277 924 1657 1051 λαμβάνειν.
1747 925 1910 1009 ἐμοῦ
1967 926 2089 1009 μὲν
2145 919 2222 992 οὗ
2281 925 2604 1013 δυνηθέν-

451 1053 603 1109 τος,
680 1023 885 1095 αλλου
950 1029 1023 1094 δὲ
1088 1021 1237 1111 μετ’
1310 1027 1427 1112 ἐμὲ
1490 1027 2266 1116 τετυραννοκτονηκότος,
2344 1022 2603 1114 α’λογον,

453 1130 608 1198 εἰπέ
650 1156 801 1214 μοι,
852 1121 889 1216 ἢ
936 1125 1241 1216 ἆγνιῦμον
1284 1115 1364 1216 ἦν
1409 1144 1816 1216 παρασχεῖν,·
1863 1134 1975 1198 καὶ
2018 1130 2317 1214 μάλιστα
2361 1130 2421 1197 εἰ
2469 1130 2608 1198 ε’λε-

452 1259 604 1319 γον,
637 1229 949 1319 ’Ἀνδρες,
996 1231 1397 1320 ἐβουλόμην,
1442 1231 1783 1321 ἠθέλησα,
1844 1232 2271 1321 ἐπεχείρησα,
2335 1233 2608 1322 ἐπειρά-

455 1341 612 1422 θην,
660 1334 729 1401 ἐκ
758 1338 878 1423 τῆς
905 1335 1169 1422 γνώμης
1196 1333 1404 1422 μόνης
1436 1329 1624 1413 ἄξιός
1654 1334 1793 1416 εἰμι
1822 1338 2180 1419 τιμᾶσθαι,
2224 1341 2296 1402 τί
2326 1328 2408 1401 ἂν
2439 1330 2608 1402 άπε-

347 1451 425 1505 15
460 1445 662 1523 κρίνω
706 1437 888 1521 τότε;
944 1444 1040 1503 15.
1089 1440 1202 1504 νῦν
1247 1437 1319 1503 δὲ
1363 1435 1441 1503 οὗ
1485 1436 1681 1503 τοῦτό
1726 1462 1921 1526 φημι,
1969 1432 2139 1503 ἀλλὰ
2168 1440 2283 1505 καὶ
2314 1431 2610 1524 ἀνῆλθον

457 1543 573 1607 καὶ
618 1539 1038 1607 ἐκινδύνευσα
1081 1542 1194 1606 καὶ
1236 1545 1445 1625 μυρία
1488 1537 1622 1627 πρὸ
1681 1542 1799 1622 τῆς
1855 1544 1975 1606 τοῦ
2032 1547 2377 1607 νεανίσκου
2437 1564 2611 1628 σφα-

458 1646 580 1729 γῆς
626 1642 961 1730 ἐπόνησα·
1021 1640 1110 1729 μὴ
1157 1640 1285 1729 γὰρ
1332 1635 1505 1708 οῦτω
1551 1643 1795 1730 ῥᾷστον
1838 1643 2007 1730 μηδὲ
2053 1637 2312 1733 εὐχερὲς
2353 1640 2612 1709 ὑπολά-

455 1751 620 1832 βητε
665 1742 839 1811 εἶναι
881 1743 958 1810 τὸ
1007 1748 1317 1830 πρᾶγμα,
1378 1743 1679 1832 φρουρὰν
1720 1741 2095 1831 ὑπερβῆναι
2152 1748 2262 1813 καὶ
2323 1746 2613 1834 δορυφό-

462 1873 597 1932 ρων
641 1851 969 1968 κρατῆσαι
1010 1849 1124 1913 καὶ
1166 1845 1561 1932 τρέψασθαι
1605 1847 1965 1926 τοσούτους
1993 1847 2218 1931 μόνον,
2266 1843 2439 1914 ἀλλὰ
2473 1872 2614 1930 σχε-

465 1949 585 2020 δὸν
629 1949 705 2016 τὸ
751 1949 1065 2034 μέγιστον
1117 1947 1185 2015 ἐν
1242 1952 1327 2036 τῇ
1386 1955 1900 2037 τυραννοκτονίᾳ
1949 1954 2063 2018 καὶ
2116 1950 2193 2017 τὸ
2250 1950 2645 2038 κεφάλαιον.

464 2057 600 2120 τῶν
648 2052 854 2139 ε’ργων
896 2051 1092 2118 τοῦτό
1141 2050 1343 2119 ε’στιν.
1434 2045 1510 2117 οὗ
1553 2050 1679 2138 γὰρ
1726 2051 1803 2142 δὴ
1854 2046 2053 2130 αὐτός
2095 2077 2169 2138 γε
2220 2049 2255 2120 ὅ
2302 2053 2618 2139 τύραννος

464 2157 632 2243 μέγα
678 2159 790 2223 καὶ
836 2153 1219 2222 δυσάλωτον
1263 2156 1377 2220 καὶ
1423 2153 1991 2240 δυσκατέργαστόν
2051 2154 2263 2236 ἐστιν,
2322 2153 2494 2220 αλλὰ
2539 2154 2614 2219 τὰ

467 2263 890 2349 φρουροῦντα
933 2261 1045 2325 καὶ
1092 2257 1451 2340 συνέχοντα
1503 2256 1622 2342 τὴν
1677 2258 2069 2345 τυραννίδα,
2129 2258 2174 2325 ἅ
2226 2283 2331 2336 τις
2388 2247 2471 2325 ἂν
2521 2284 2614 2325 νι-

464 2363 652 2452 κήσῃ,
699 2361 925 2430 πάντα
970 2355 1164 2439 οὗτος
1191 2359 1625 2446 κατώρθωσε,
1669 2363 1783 2427 καὶ
1820 2359 1897 2427 τὸ
1933 2359 2178 2428 λοιπὸν
2206 2354 2455 2447 ὀλίγον.
2541 2358 2610 2428 τὸ

467 2464 548 2590 δη
599 2460 752 2551 ἰίχρι
794 2468 927 2531 τῶν
971 2463 1309 2549 τυράννων
1353 2464 1720 2547 προελθεῖν
1765 2456 1882 2529 οῦκ
1926 2453 2007 2529 ὃν
2050 2459 2304 2551 ὑπῆρξέ
2345 2489 2485 2549 μοι,
2529 2461 2611 2548 μὴ

470 2566 617 2650 οὐχὶ
660 2571 794 2633 τῶν
838 2568 996 2652 περὶ
1045 2589 1285 2641 αυτους
1328 2564 1644 2683 φυλάκων
1686 2567 1799 2631 καὶ
1844 2566 2240 2653 δορυφόρων
2301 2562 2615 2634 ἁπάντων

467 2668 896 2758 κεκρατηκότι
937 2666 1278 2744 κάκείνους
1322 2659 1630 2745 άπαντας
1660 2668 2196 2788 προνενικηκότι.
2287 2663 2480 2738 οὐδὲν
2525 2668 2699 2737 ἑτι153

474 2778 921 2859 προστίθημι,
969 2763 1120 2836 αλλ’
1173 2768 1291 2836 ἐπὶ
1320 2769 1573 2836 τούτων
1607 2756 1813 2849 αῦθις
1840 2770 2055 2854 μένω·
2103 2771 2463 2861 φυλακῆς’
2435 2771 2618 2859 εκρά-

471 2899 678 2963 τησα,
763 2872 1177 2996 δορυφόρους
1258 2870 1560 2959 ἐνίκησα,
1636 2872 1754 2940 τὸν
1830 2868 2151 2959 τύραννον
2225 2870 2618 2963 ἀφύλακτον,

475 2974 797 3057 ανοπλον,
842 2973 1088 3064 γυμνὸν
1134 2968 1472 3041 ἀπέδωκα.
1539 2979 1735 3065 τιμῆς
1780 2971 1969 3055 άξιος
2013 2970 2129 3043 ἐπὶ
2157 2977 2428 3056 τούτοις
2459 2975 2623 3044 εἶναί

365 3098 443 3156 16
480 3107 591 3150 σοι
637 3081 829 3161 δοκῶ,
873 3106 914 3167 η
962 3076 1063 3145 ε’τι
1108 3076 1424 3155 απαιτεῖς
1468 3102 1611 3164 παρ
1689 3073 1853 3162 ἐμοῦ
1882 3077 2000 3146 τὸν
2031 3079 2275 3168 φόνον,·
2325 3087 2424 3148 16.
2471 3074 2617 3147 ἀλλ’

482 3185 543 3252 εἰ
586 3187 700 3252 καὶ
745 3181 956 3272 φόνον
1002 3180 1247 3269 ζητεῖς,
1307 3173 1462 3246 οὐδὲ
1506 3183 1702 3246 τοῦτο
1749 3175 1953 3263 ἐνδεῖ,
2013 3175 2167 3248 οὐδὲ
2224 3176 2627 3267 αναίμακτός

481 3288 652 3371 εἰμι,
714 3278 869 3351 ἀλλ’
928 3283 1284 3370 είργασμαι
1325 3281 1618 3371 μεγάλην
1662 3287 1773 3350 καὶ
1816 3290 2122 3369 γενναίαν
2173 3285 2439 3373 σφαγὴν
2485 3311 2628 3353 νεα-

481 3396 709 3458 νίσκου
758 3387 1163 3473 ἀκμάζοντος
1204 3388 1316 3453 καὶ
1363 3389 1539 3451 πᾶσι
1597 3389 1920 3474 φοβεροῦ,
1980 3380 2075 3454 δι’
2138 3386 2215 3454 ὃν
2272 3381 2627 3474 ανεπιβού-

486 3494 713 3569 λευτος
771 3485 1069 3567 κάκεῖνος
1124 3474 1261 3590 ἦν,
1294 3481 1349 3575 ᾦ
1406 3487 1593 3574 μόνῳ
1651 3482 1962 3576 εθάρρει,
2021 3514 2098 3567 ος
2136 3483 2305 3617 τάντὶ
2363 3495 2630 3558 πολλῶν

481 3590 668 3684 ἤρκει
717 3591 1129 3680 δορυφόρων.
1220 3586 1329 3679 ἄρ’
1384 3577 1500 3659 οῦν
1546 3590 1663 3657 οὐκ
1707 3586 1924 3673 αξιος,
1985 3619 2036 3658 ω
2086 3587 2312 3672 οὗτος,
2361 3595 2632 3680 δωρεᾶς,

489 3689 657 3763 ἀλλά
706 3690 944 3780 ἄτιμος
988 3690 1110 3761 ἐπὶ
1160 3693 1577 3782 τηλικούτοις
1617 3692 1951 3779 γένωμαι·
2003 3701 2074 3761 τί
2114 3694 2272 3816 γάρ,
2336 3696 2396 3762 εἰ
2444 3698 2632 3786 δορυ-

488 3799 703 3887 φόρον
751 3796 883 3878 ἕνα,
929 3802 997 3863 τί
1042 3789 1107 3862 δ
1163 3795 1223 3862 εἰ
1266 3791 1601 3884 ὑπηρέτην
1646 3793 1797 3862 τινὰ
1826 3800 1946 3863 τοῦ
1973 3795 2295 3882 τυράννου
2328 3792 2635 3866 ἀπέκτει-

490 3930 593 3982 να,
640 3908 707 3968 τί
752 3893 810 3966 δ’
867 3898 927 3966 εἰ
972 3898 1235 3985 οικέτην
1278 3904 1522 3981 τίμιον,
1577 3894 1652 3964 οῦ
1697 3897 1863 3982 μέγα
1909 3925 1989 3965 αν
2034 3898 2219 3978 ἐδοξε
2261 3903 2373 3968 καὶ
2418 3906 2634 3982 τοῦτο,

494 3998 876 4070 ἀνελθόντα
922 4026 991 4067 εν
1034 4000 1202 4087 μέση
1247 4004 1330 4087 τῇ
1376 3993 1761 4083 ἀκροπόλει,
1809 3993 1883 4066 ἐν
1925 4000 2158 4083 μέσοις
2209 4016 2352 4080 τοῖς
2396 4002 2638 4081 ὅπλοις
