2800 4500
969 283 1126 336 VITA
1161 281 1606 337 DEMONAc'nS.
2245 282 2370 341 285

184 477 246 518 (3.
282 463 392 518 51.
421 466 564 534 πῶς
609 457 839 540 ἀριστα
885 455 1064 540 ἀρξει
1105 459 1128 541 Ι
1179 467 1321 534 πῶς
1370 456 1455 522 ἀν
1510 482 1607 534 τις
1661 454 1760 538 ἀρ.
1820 455 1981 538 ἀρξη
2027 452 2244 518 Quat.
2287 495 2374 505 —

419 558 637 625 πολλὰ
685 557 708 644 Ι
748 558 1068 637 πολλάκις
1109 558 1166 620 Α

180 682 241 722 (3.
277 666 391 723 52.
422 664 632 726 ἐσθίοι
675 659 696 745 Ι
740 665 938 728 ἐσθίει
982 663 1183 726 ssat.
1227 664 1467 742 ε’σθίειν
1517 668 1625 735 (ε-
1654 663 1875 737 ἐσθίει)
1914 659 1971 721 Α

182 784 244 824 (3.
275 769 390 825 53.
420 771 853 846 Κυναίγειρον
895 763 916 847 Ι
961 789 1026 828 αι
1069 768 1134 825 in
1173 783 1294 826 ras.
1338 760 1409 825 Ω

182 888 242 928 (3.
276 872 392 928 54.
423 869 592 945 λέγω
638 871 706 930 δὲ
747 864 770 947 Ι
809 870 978 946 λέγω
1023 864 1098 947 δὴ
1147 861 1275 945 ΑΓ,
1319 869 1465 927 Mat.
1480 867 1560 944 (1³)
1606 900 1681 910 -
1729 865 1920 930 οὐδέν
1964 864 2184 945 ε’στινΙ
2226 863 2376 929 οὐδὲ

426 971 602 1033 ἐστιν
647 969 702 1031 21
757 1002 843 1013 —
894 966 1484 1050 ἀναισχυντότερον
1532 977 1759 1048 χωλοῦ
1800 976 2317 1050 Περιπατητικοῦ
2366 965 2387 1049 Ι

423 1069 924 1152 περιπατητικὸς
960 1079 1188 1152 χωλοῦ
1230 1068 1815 1152 ἀναισχυντότερον
1859 1069 1914 1131 21

185 1194 246 1233 (3.
278 1179 396 1235 55.
428 1171 780 1252 ἀγαγέσθαι
834 1171 857 1254 Ι
913 1171 1004 1249 ὡς
1063 1172 1415 1252 ἀγαγέσθαι
1474 1173 1527 1234 Ἡ
1581 1207 1667 1218 -
1721 1170 2309 1254 παιδοποιήσασθαι
2360 1170 2382 1255 Ι

428 1280 957 1340 παιδοποιεῖσθαι
999 1278 1144 1337 Mat.
1208 1309 1282 1320 —
1345 1274 1512 1340 ἀνθ’
1556 1274 1765 1340 αὑτοῦ
1808 1275 1831 1358 Ι
1874 1274 2032 1339 ἀντ’
2077 1274 2284 1339 aito&
2324 1272 2381 1334 A

428 1372 758 1439 aurunt.

185 1502 246 1541 (3.
277 1486 396 1542 56.
427 1476 873 1559 παγκάκιστον
915 1484 1036 1556 μὲν
1077 1477 1097 1561 Ι
1139 1500 1257 1541 om.
1300 1485 1420 1557 μὲν
1463 1479 1520 1541 Α
1561 1517 1646 1528 -
1692 1479 2122 1562 Ἀριστοτέλην
2166 1478 2185 1559 fl
2230 1478 2381 1560 Ἀρι-

430 1584 699 1662 στοτέλη
731 1576 1001 1641 amut-
1034 1616 1120 1626 —-
1149 1586 1213 1644 δὲ
1243 1580 1262 1663 Ι
1290 1588 1398 1644 καὶ
1422 1578 1601 1659 ΑἉΓ,
1624 1583 1768 1642 Mut.
1784 1582 1864 1658 (Ρ)
1892 1617 1977 1626 -
2004 1587 2113 1643 καὶ
2132 1579 2339 1644 αὐτοῦ
2362 1576 2382 1661 Ι

431 1688 542 1745 καὶ
586 1702 704 1743 om.
749 1677 1075 1744 AQPMut.

186 1806 248 1846 (3.
280 1790 401 1846 57.
430 1781 784 1865 προελθὼν
839 1782 861 1861 Ι
916 1781 1308 1866 προσελθὼν
1364 1783 1565 1846 zunt-
1620 1820 1707 1830 —
1760 1786 1879 1866 ἔφη
1930 1781 1949 1866 Ι
1993 1804 2108 1845 om.
2153 1778 2379 1845 AQZI'

431 1889 581 1947 Mut.
627 1921 714 1930 —-
760 1884 974 1952 Ἐλέου
1018 1884 1038 1967 Ι
1079 1889 1302 1951 ἐλαίου
1346 1883 1397 1945 Γ

189 2011 249 2051 (3.
281 1994 401 2051 58.
432 1984 489 2052 ὦ
533 1987 766 2069 ἄνδρες
808 1984 831 2071 Ι
870 2008 988 2049 om.
1033 1984 1090 2052 ὦ
1132 1989 1187 2051 21

189 2113 249 2153 (3.
282 2098 403 2153 59.
434 2088 518 2155 ἄν
560 2115 630 2153 τε
672 2088 695 2171 Ι
735 2089 820 2154 ἀν
868 2116 1027 2155 ποτε
1073 2093 1122 2150 A

190 2215 250 2257 (3.
278 2199 400 2256 60.
429 2199 728 2271 γίνονται
771 2192 792 2276 Ι
834 2200 1167 2273 γίγνονται
1211 2189 1262 2253 Γ

190 2319 250 2359 (3.
283 2303 404 2359 61.
435 2293 657 2376 ἐπῄνει
699 2294 721 2379 Ι
763 2316 880 2357 om.
924 2323 946 2359 ι
989 2291 1043 2355 Γ

194 2421 254 2462 (3.
286 2403 408 2461 62.
437 2405 534 2474 τίς
580 2397 764 2483 αὐτῷ
807 2397 1056 2479 ἀρέσκει
1099 2396 1118 2476 H
1157 2405 1256 2474 τίς
1299 2396 1550 2478 ἀρέσκει
1593 2395 1773 2480 αὐτῷ
1814 2396 1919 2459 Aa
1974 2428 2059 2440 -
2115 2390 2385 2474 Σωκρά-

436 2525 556 2581 την
613 2498 634 2582 ss
690 2498 1005 2582 Σωκράτη
1062 2495 1332 2561 QPMut.
1391 2534 1477 2544 —
1532 2502 1843 2579 Διογένην
1888 2496 1907 2579 fl
1949 2500 2215 2579 Διογένη
2259 2493 2384 2558 ΩΓ

435 2604 583 2662 Mat.
630 2636 716 2645 —
761 2610 936 2680 φιλῶ
982 2600 1390 2683 Ἀρίστιππον
1432 2597 1453 2679 ΙΙ
1498 2599 1714 2682 Ἀριστ.
1764 2602 2009 2663 ἐπαινῶ
2052 2600 2105 2661 Z

195 2727 255 2767 (3.
288 2710 410 2768 63.
443 2703 627 2781 Ἐβίω
659 2702 680 2784 fl
711 2706 892 2781 ε’βίου
923 2706 1070 2764 Mat.
1114 2740 1200 2749 —-
1244 2702 1475 2782 ὀλίγου
1503 2701 1523 2784 Ι
1553 2702 1752 2787 ὀλίγῳ
1780 2697 2048 2763 ΩΓΜηῐ.
2098 2736 2173 2745 —-
2221 2700 2387 2782 πρὸς

441 2803 648 2870 αὐτὸν
700 2804 721 2887 Ι
776 2812 922 2887 περὶ
978 2804 1182 2870 αὐτὸν
1238 2826 1538 2883 suprascr.
1593 2802 1758 2886 πρὸς
1813 2800 1998 2883 Ω(Ρ),
2043 2806 2240 2867 {Mun
2298 2840 2381 2849 —

442 2905 724 2990 ἀκλητος
763 2907 786 2989 Ι
826 2928 944 2969 om.
998 2904 1070 2968 Ω
1126 2944 1208 2953 -
1262 2906 1703 2972 ἐνοικούντων
1747 2904 1767 2988 fl
1810 2905 2295 2972 ἐννοικοῦντων
2338 2913 2387 2967 A

442 3045 525 3055 —
569 3014 636 3073 αἱ
681 3008 1120 3090 ἀρτοπώλιδες
1146 3008 1169 3090 Ι
1193 3017 1302 3074 καὶ
1347 3009 1484 3090 ἀρτ.
1524 3014 1573 3070 A
1618 3042 1704 3053 —
1745 3017 1881 3073 τῶν
1925 3008 2145 3088 ἀρτων
2188 3006 2209 3090 Ι
2250 3019 2385 3073 τῶν

442 3112 647 3194 α’ρτόν
690 3116 826 3190 (sic)
869 3116 918 3172 A
961 3111 1080 3177 τὸν
1122 3111 1328 3194 ἀρτον
1371 3114 1425 3175 21

202 3238 261 3278 (3.
289 3220 412 3277 64.
443 3213 740 3296 Ἀθήνησι
778 3213 801 3295 Ι
846 3212 1164 3296 Ἀθήνηισι
1207 3218 1352 3276 Mat.
1395 3250 1479 3260 -
1523 3213 1703 3300 αὑτῷ
1742 3212 1763 3296 Ι
1806 3213 1986 3298 αὐτῷ
2028 3215 2083 3275 Α

207 3339 270 3379 e.
299 3322 415 3379 65.
443 3325 631 3379 καλεῖ
666 3314 687 3397 Ι
729 3320 794 3376 in
833 3335 955 3377 ras.
999 3312 1071 3376 Ω
1113 3353 1199 3362 -
1240 3315 1494 3382 α’κῑλθε
1534 3315 1553 3396 fl
1597 3316 1888 3398 «ἐπῆλθεν
1930 3312 1981 3374 Γ

210 3440 272 3480 (3.
303 3423 415 3480 66.
445 3416 611 3498 ὀδμή
652 3442 732 3495 με
776 3415 975 3497 θάψει
1017 3415 1038 3500 Ι
1080 3415 1243 3499 ὀδμή
1286 3444 1355 3482 τε
1398 3427 1461 3484 θ.
1511 3421 1560 3478 A

210 3542 270 3582 (3.
302 3525 414 3582 67.
444 3525 719 3603 δημοσίᾳ
758 3516 781 3603 Ι
821 3524 952 3581 sine
997 3547 1019 3584 ι
1063 3520 1118 3582 Z
1172 3556 1256 3566 —
1313 3520 1527 3585 εἰώθει
1568 3521 1589 3604 Ι
1631 3546 1686 3585 ω
1742 3541 1861 3582 ras·
1913 3529 2017 3584 θει
2076 3526 2121 3579 A
2181 3556 2267 3566 —
2320 3524 2385 3598 εἷς

441 3619 632 3702 τιμὴν
687 3620 707 3703 Ι
763 3629 850 3699 εἰς
904 3648 957 3688 τ.
1020 3626 1069 3682 A
1122 3658 1209 3668 —
1263 3621 1442 3705 ἱερὸν
1496 3620 1518 3705 Ι
1570 3624 1716 3704 ἱρὸν
1772 3623 1827 3685 Z
1878 3658 1957 3668 --
2006 3621 2391 3705 ἀεττῆντησεῗἑ

442 3720 810 3805 ἀπήντησεν
851 3727 1000 3785 Mat.
1055 3758 1142 3768 —
1195 3722 1339 3806 ἀχρι
1395 3723 1561 3806 πρὸς
1609 3723 1729 3788 τὸν
1773 3725 1987 3803 τάφον
2029 3722 2050 3805 Ι
2094 3723 2238 3806 ἄχρι
2282 3732 2392 3788 καὶ

442 3821 565 3888 τὸν
607 3823 824 3903 τάφον
867 3826 922 3889 Z
975 3860 1061 3871 —
1115 3824 1292 3891 πάνυ
1333 3827 1354 3908 Ι
1396 3848 1513 3889 om.
1557 3827 1612 3889 21
1666 3862 1753 3873 -—
1796 3824 2330 3907 ἀπεμνημόνευσα
2372 3879 2391 3910 ,

445 3925 990 4008 ὺπεμνημόνευσα
1031 3928 1086 3991 Z

1107 4101 1511 4108 ⁷——
