2800 4500
455 237 536 297 30
1340 243 1715 296 ΛΟΥΚΙΑΝΟΥ

2584 409 2605 434 t

456 402 776 490 ἀμπέλων
829 413 1051 496 χρῆμα
1109 405 1490 495 τεράστιον·
1547 410 1622 478 τὸ
1669 412 1790 494 μὲν
1843 410 1967 498 γὰρ
2015 412 2154 480 απὸ
2201 416 2318 500 τῆς
2360 416 2512 500 γῆς,
2571 440 2605 480 ο

454 512 757 593 στέλεχος
813 506 1013 591 αὐτὸς
1069 506 1332 601 εὐερνὴς
1387 516 1498 580 καὶ
1558 514 1801 596 παχύς,
1863 513 1937 581 τὸ
1988 514 2060 580 δὲ
2113 511 2252 581 ἀνω
2308 528 2612 601 γυναῖκες

449 597 638 697 ἦσαν,
688 606 846 678 ὅσον
879 612 947 679 ἐκ
980 617 1112 681 τῶν
1159 614 1455 699 λαγόνων
1500 608 1770 681 ἅπαντα
1817 615 2087 698 ἔχουσαι
2132 619 2376 684 τέλεια.
2464 642 2611 683 τοι-

453 714 655 802 αύτην
699 709 868 800 παρ’
919 712 1077 804 ἡμῖν
1107 715 1222 804 τὴν
1250 717 1537 805 Δάφνην
1580 717 1953 805 γράφουσιν
2001 714 2156 804 ἄρτι
2191 722 2310 785 τοῦ
2348 712 2613 785 Ἀπόλ-

451 816 660 894 λωνος
715 817 1342 901 καταλαμβάνοντος
1400 812 2039 907 ἀποδενδρουμένην.
2143 812 2280 887 ἀπὸ
2344 820 2417 886 δὲ
2473 824 2611 888 τῶν

450 917 787 985 δακτύλων
846 915 1062 1004 ἄκρων
1121 919 1478 1007 ἐξεφύοντο
1537 914 1771 999 αὐταῖς
1818 922 1882 988 οἱ
1925 921 2164 989 κλάδοι
2212 926 2323 990 καὶ
2365 926 2612 1005 μεστοὶ

447 1006 615 1107 ἦσαν
656 1022 973 1107 βοτρύων.
1060 1026 1172 1091 καὶ
1215 1022 1344 1112 μὴν
1375 1026 1487 1090 καὶ
1521 1022 1643 1102 τὰς
1687 1022 1984 1111 κεφαλὰς
2032 1023 2284 1108 ἐκόμων
2332 1024 2507 1103 ἕλιξί
2538 1050 2611 1091 τε

446 1126 553 1188 καὶ
603 1123 883 1209 φύλλοις
925 1127 1035 1190 καὶ
1088 1125 1388 1211 βότρυσι.
1479 1126 1992 1211 προσελθόντας
2039 1127 2110 1193 δὲ
2153 1123 2330 1216 ἡμᾶς
2373 1121 2610 1214 ἠσπά-

448 1223 632 1302 ζοντό
680 1250 753 1292 τε
796 1229 902 1293 καὶ
966 1226 1365 1306 ἐδεξιοῦντο,
1428 1223 1506 1295 αἷ
1557 1229 1678 1312 μὲν
1721 1228 2020 1308 Λύδιον,
2081 1230 2153 1296 αἱ
2198 1229 2270 1296 δὲ
2305 1224 2606 1318 Ἰνδικήν,

448 1328 519 1394 αἱ
564 1331 880 1396 πλεῖσται
924 1329 995 1395 δὲ
1038 1327 1155 1417 τὴν
1194 1325 1476 1395 Ἑλλάδα
1522 1329 1750 1419 φωνὴν
1798 1335 2215 1417 προϊέμεναι.
2303 1333 2413 1397 καὶ
2447 1330 2609 1418 ἐφί-

446 1432 600 1496 λουν
631 1431 704 1497 δὲ
732 1427 908 1518 ἡμᾶς
941 1446 1085 1509 τοῖς
1129 1431 1491 1515 στόμασιν·
1539 1428 1574 1499 ὃ
1611 1433 1682 1499 δὲ
1714 1435 2036 1520 φιληθεὶς
2082 1428 2318 1499 αὐτίκα
2349 1431 2608 1516 ἐμέθυε

441 1536 553 1601 καὶ
608 1533 1012 1622 παράφορος
1055 1520 1154 1619 ἦν.
1245 1534 1628 1619 δρέπεσθαι
1682 1540 1909 1618 μέντοι
1968 1528 2044 1602 ού
2098 1549 2419 1621 παρεῖχον
2480 1540 2608 1602 τοῦ

440 1639 718 1718 καρποῦ,
767 1629 919 1701 ἀλλ’
972 1632 1211 1722 ἤλγουν
1247 1639 1356 1702 καὶ
1406 1635 1618 1719 ἐβόων
1663 1631 2187 1721 ἀποσπωμένου.
2276 1637 2347 1704 αἱ
2381 1637 2608 1703 δὲκαὶ

438 1742 811 1821 μίγνυσθαι
864 1734 1021 1826 ἡμῖν
1077 1737 1498 1821 ἐπεθύμουν·
1556 1741 1666 1806 καὶ
1726 1739 1842 1805 δύο
1899 1740 2075 1816 τινὲς
2119 1742 2250 1805 τῶν
2310 1737 2606 1824 ἑταίρων

442 1838 937 1925 πλησιάσαντες
981 1834 1216 1918 αὐταῖς
1260 1834 1473 1906 οὐκέτ’
1528 1834 1932 1922 ἀπελύοντο,
1988 1834 2140 1906 ἀλλ’
2194 1838 2262 1906 ἐκ
2305 1845 2438 1907 τῶν
2490 1842 2682 1908 cti-77

442 1940 644 2007 δοίων
703 1938 1031 2008 ἐδέδεντο·
1092 1942 1498 2029 συνεφύοντο
1552 1942 1676 2028 γὰρ
1723 1946 1833 2009 καὶ
1895 1942 2421 2029 συνερριζοῦντο,
2482 1948 2604 2010 καὶ

438 2039 559 2130 ἤδη
608 2036 836 2122 αὐτοῖς
877 2043 1108 2110 κλάδοι
1155 2043 1574 2132 ἐπεφύκεσαν
1606 2046 1670 2112 οἱ
1716 2045 2028 2112 δάκτυλοι
2070 2048 2183 2111 καὶ
2226 2060 2377 2123 ταῖς
2424 2045 2605 2125 ἕλιξι

437 2145 998 2230 περιπλεκόμενοι
1060 2145 1221 2214 ὅσον
1290 2141 1557 2213 οὐδέπω
1612 2149 1723 2214 καὶ
1784 2142 1973 2214 αὐτοὶ
2041 2147 2603 2236 καρποφορήσειν

368 2254 405 2308 9
435 2247 726 2332 ἔμελλον.
816 2255 876 2316 9.
922 2250 1409 2328 καταλιπόντες
1452 2251 1524 2316 δὲ
1571 2244 1810 2329 αὐτοῦς
1856 2251 1973 2318 ἐπὶ
2018 2255 2178 2317 ναῦν
2225 2250 2601 2339 ἐφεύγομεν

432 2354 537 2417 καὶ
585 2365 729 2431 τοῖς
780 2345 1277 2440 ἀπολειφθεῖσι
1333 2353 1751 2439 διηγούμεθα
1811 2353 2127 2429 ἐλθόντες
2167 2353 2251 2419 τά
2296 2378 2368 2419 τε
2417 2349 2602 2420 ἄλλα

430 2456 537 2519 καὶ
571 2458 704 2519 τῶν
736 2453 1020 2541 ἑταίρων
1064 2453 1182 2540 τὴν
1230 2449 1747 2538 ἀμπελομιξίαν.
1838 2459 1950 2523 καὶ
1983 2453 2060 2543 δὴ
2096 2455 2413 2538 λαβόντες
2458 2450 2604 2539 ἀμ-

434 2561 686 2641 φορέας
729 2555 918 2634 τινὰς
960 2559 1073 2623 καὶ
1116 2554 1599 2642 ὑδρευσάμενοί
1641 2582 1715 2623 τε
1752 2550 1892 2642 ἅμα
1936 2560 2047 2624 καὶ
2094 2557 2162 2623 ἐκ
2205 2561 2323 2623 τοῦ
2366 2582 2604 2625 ποτα-

431 2660 562 2739 μοῦ
608 2657 1023 2740 οἰνισάμενοι
1065 2662 1177 2726 καὶ
1223 2654 1428 2726 αὐτοῦ
1471 2661 1760 2748 πλησίον
1807 2660 1922 2726 ἐπὶ
1969 2663 2085 2748 τῆς
2129 2653 2353 2744 ἠϊόνος
2401 2653 2604 2728 αὖλι-

434 2759 713 2840 σάμενοι
773 2758 989 2827 ἕωθεν
1049 2754 1434 2849 ἀνήχθημεν
1492 2755 1568 2827 οὗ
1630 2761 1898 2849 σφόδρα
1953 2766 2160 2847 βιαίῳ
2216 2760 2601 2844 πνεύματι·

433 2863 591 2943 περὶ
647 2868 1066 2949 μεσημβρίαν
1112 2863 1184 2929 δὲ
1230 2858 1449 2932 οὐκέτι
1492 2868 1610 2949 τῆς
1664 2863 1865 2950 νήσου
1925 2867 2334 2951 φαινομένης
2392 2859 2603 2951 ἄφνω

430 2962 657 3049 τυφών
716 2963 1183 3049 ἐπιγενόμενος
1238 2969 1350 3033 καὶ
1414 2966 1851 3051 περιδινήσας
1906 2965 2025 3052 τὴν
2084 2969 2243 3032 ναῦν
2298 2969 2411 3031 καὶ
2471 2992 2602 3049 με-

430 3072 756 3152 τεωρίσας
808 3059 968 3132 ὅσον
1014 3066 1129 3133 ἐπὶ
1187 3068 1500 3146 σταδίους
1557 3070 1961 3151 τρισχιλίους
2020 3061 2238 3135 οῦκέτι
2292 3072 2603 3156 καθῆκεν

432 3168 498 3245 ἐς
562 3168 637 3234 τὸ
708 3169 1031 3254 πέλαγος,
1101 3162 1252 3234 ἀλλ’
1328 3166 1467 3235 ἅνω
1532 3175 1866 3256 μετέωρον
1934 3169 2373 3258 ἐξηρτημένην
2436 3166 2602 3237 ἅνε-

427 3296 552 3354 μος
610 3269 922 3355 ἐμπεσών
977 3284 1119 3349 τοῖς
1178 3272 1422 3349 ἱστίοις
1478 3272 1675 3359 ἔφερε
1729 3271 2088 3350 κολπώσας
2143 3269 2262 3358 τὴν
2306 3265 2599 3361 ὀθόνην.

328 3384 404 3439 10
438 3381 532 3441 ῙΟ.
581 3372 754 3440 ἑπτὰ
803 3374 874 3439 δὲ
917 3369 1170 3460 ἡμέρας
1198 3372 1462 3452 καὶτὰς
1492 3374 1648 3451 >ι’σας
1692 3374 1926 3451 νύκτας
1971 3368 2602 3461 ἀεροδρομήσαντες

428 3470 627 3563 ὀγδόῃ
673 3479 1074 3561 καθορῶμεν
1118 3479 1238 3565 γῆν
1284 3501 1433 3543 τινα
1484 3476 1771 3564 μεγάλην
1816 3475 1884 3542 ἐν
1929 3479 2027 3561 τῴ
2072 3468 2221 3562 ἀέρι
2263 3476 2599 3560 καθάπερ

428 3582 658 3664 νῆσον,
719 3577 1036 3663 λαμπρὰν
1079 3581 1189 3643 καὶ
1237 3579 1641 3666 σφαιροειδῆ
1684 3581 1796 3645 καὶ
1843 3581 2022 3665 φωτὶ
2068 3576 2335 3663 μεγάλῳ
2380 3603 2601 3643 κατα-

427 3683 893 3769 λαμπομένην·
962 3684 1526 3765 προσενεχθέντες
1594 3680 1666 3746 δὲ
1734 3673 1900 3767 αῦτῇ
1965 3682 2079 3745 καὶ
2142 3674 2603 3762 ὁρμισάμενοι

331 3772 337 3782 ’
429 3777 801 3872 ἀπέβημεν,
871 3782 1396 3860 ἐπισκοποῦντες
1454 3782 1526 3848 δὲ
1582 3780 1701 3867 τὴν
1753 3781 1976 3869 χώραν
2035 3776 2426 3866 εὑρίσκομεν
2492 3781 2602 3848 οἰ-

428 3892 744 3974 κουμένην
802 3910 876 3953 τε
931 3887 1041 3951 καὶ
1107 3889 1623 3972 γεωργουμένην.
1722 3880 1973 3969 ἡμέρας
2027 3883 2149 3967 μὲν
2209 3868 2322 3948 οῦν
2393 3876 2600 3950 οὐδὲν

431 3982 721 4054 αέτόθεν
765 3991 1252 4072 καθεωρῶμεν,
1315 3988 1546 4064 νυκτὸς
1590 3986 1662 4050 δὲ
1709 3984 2179 4072 ἐπιγενομένης
2224 3982 2684 4072 ἐφαίνοντοτὸ
