2800 4500
479 240 601 297 154
1364 237 1731 291 Aarxunor

472 407 852 491 κοττάβους.
942 400 1094 473 ἀλλ’
1148 404 1377 473 εἰσιών
1412 405 1624 473 ταῦτά
1654 430 1727 472 τε
1754 408 1864 471 καὶ
1896 404 1979 471 τὰ
2012 401 2183 471 ἄλλα
2211 400 2473 491 ἡδύνειν
2503 406 2613 470 καὶ
2627 419 2704 469 326

407 518 447 574 4
478 508 597 594 τὴν
626 509 963 595 κάρδοπον
996 512 1183 596 σμῆν,
1218 504 1309 586 ὥς
1340 508 1739 591 θριδακίνας
1766 506 2088 628 μάττοιτε
2116 502 2292 630 ἡμῖν.
2384 513 2444 572 4.
2491 504 2614 589 ἐγώ

474 612 546 678 δὲ
590 610 1065 700 ξηραλοιφήσω
1110 604 1457 677 ἀπελθών.
1533 614 1671 678 Καὶ
1698 608 1913 698 ἡμεῖς,
1957 595 1998 699 ἦ
2038 603 2103 674 δ’
2141 609 2217 688 ὃς
2244 604 2282 675 ὸ
2321 609 2614 687 Φιλῖνος,

474 713 597 800 ἐγώ
641 739 714 780 τε
756 717 867 781 καὶ
903 707 1321 800 Ὀνόμαρχος
1379 716 1490 780 καὶ
1530 709 1916 791 Ἑλλάνικος
1975 709 2206 780 οὖτοσιὶ
2260 711 2615 797 ἑψόμεθα·

470 818 582 882 καὶ
625 815 752 902 γὰρ
796 810 831 882 ὸ
877 815 1155 901 γνώμων
1201 813 1456 895 σκιάζει
1498 820 1705 903 μέσην
1749 813 1869 904 τὴν
1910 813 2146 895 πόλον,
2191 817 2304 880 καὶ
2348 814 2501 889 δέος
2528 807 2614 900 μὴ

472 916 540 984 έν
616 919 899 1005 λουτρίῳ
973 910 1526 1002 ἀπολουσώμεθα
1596 916 1885 984 κατόπιν
1961 920 2096 983 τῶν
2168 916 2617 1001 Καριμάντων

470 1018 639 1148 μετὰ
683 1023 802 1086 τοῦ
849 1018 1185 1107 σύρφακος
1228 1018 1428 1107 βύζην
1474 1012 1930 1104 ὠστιζόμενοι.
2015 1021 2129 1085 καὶ
2170 1013 2208 1083 ὸ
2237 1013 2618 1096 Ἑλλάνικος

471 1124 633 1211 ε’φη,
681 1116 851 1208 Ἐγώ
896 1122 969 1188 δὲ
1012 1124 1122 1188 καὶ
1169 1121 1495 1188 δυσωπῶ·
1555 1123 1667 1187 καὶ
1710 1120 1835 1207 γὰρ
1878 1118 1972 1187 τιὸ
2017 1120 2183 1207 κόρα
2226 1145 2346 1204 μοι
2391 1119 2618 1188 ἐπιτε-

469 1225 843 1292 θόλωσθον
880 1226 991 1291 καὶ
1039 1223 1517 1309 σκαρδαμύττω
1559 1217 1642 1289 θ’
1692 1248 1834 1308 αμα
1875 1225 1988 1290 καὶ
2034 1216 2434 1309 ἀρτίδακρύς
2476 1223 2618 1307 εἰμι

470 1330 581 1394 καὶ
637 1325 723 1392 τὰ
779 1321 1048 1410 ομματά
1105 1352 1224 1410 μοι
1282 1330 1603 1415 φαρμακᾷ
1655 1328 1767 1393 καὶ
1827 1326 2066 1409 δέομαι
2098 1319 2613 1412 ’Λσκληπτάδου
2631 1338 2702 1388 32¹1

469 1428 652 1507 τινὸς
697 1422 1265 1517 ὀφθαλμοσόφου,
1313 1427 1388 1507 ὃς
1430 1427 1724 1513 ταράξας
1766 1431 1879 1495 καὶ
1920 1427 2147 1515 ἐγχέας
2186 1453 2310 1511 μοι
2342 1427 2618 1516 φάρμα-

470 1556 586 1598 κον
627 1524 1140 1618 ἀπερυθριᾶσαί
1182 1555 1255 1597 τε
1298 1530 1576 1617 ποιήσει
1618 1528 1775 1608 τοὺς
1806 1524 2212 1619 ὀφθαλμοὺς
2239 1532 2353 1598 καὶ
2381 1534 2620 1618 μηκέτι

403 1641 440 1695 5
477 1636 842 1721 λημαλέους
888 1630 1061 1701 εἶναι
1102 1633 1269 1721 μηδὲ
1322 1632 1543 1721 διερὸν
1596 1634 1892 1718 βλέπειν.
1982 1640 2041 1700 5.
2095 1636 2393 1699 Τοιαῦτα
2446 1628 2620 1698 ἄττα

472 1736 827 1814 διεξιόντες
901 1728 1200 1813 ἅπαντες
1274 1737 1341 1802 οἱ
1415 1735 1747 1820 παρόντες
1820 1729 2116 1822 ἀπῇμεν·
2189 1728 2618 1823 κάπειδήπερ

468 1831 710 1926 ἥκομεν
767 1836 833 1916 ές
889 1837 964 1904 τὸ
1024 1835 1385 1924 γυμνάσιον
1455 1832 1933 1926 ἀπησθημένοι
1995 1832 2153 1926 ἤδη,
2219 1833 2254 1903 ὃ
2324 1841 2448 1920 μέν
2516 1862 2619 1916 τις

471 1933 983 2026 ἀκροχειρισμιιῦ,
1030 1936 1066 2007 o‘
1113 1940 1189 2006 δὲ
1230 1941 1655 2028 τραχηλισμῷ
1696 1943 1810 2005 καὶ
1853 1933 2213 2027 ὀρθοπάλῃ
2260 1937 2535 2028 ἐχρῆτο,
2580 1936 2613 2006 ὅ

471 2042 545 2108 δὲ
590 2043 756 2108 λίπα
795 2042 1194 2128 χρισάμενος
1225 2040 1572 2128 ἐλυγίζετο,
1618 2036 1653 2109 ὸ
1689 2043 1761 2108 δὲ
1791 2036 2152 2127 ἀντέβαλλε
2182 2045 2276 2127 τῷ
2315 2042 2614 2130 κωρύκῳ,

468 2140 502 2211 ὸ
552 2144 624 2210 δὲ
667 2145 1115 2230 μολυβδαίνας
1167 2146 1569 2231 χερμαδίους
1619 2138 1908 2234 ἀράγδην
1966 2143 2130 2228 ἔχων
2184 2143 2612 2229 ἐχειροβόλει.
2629 2148 2702 2200 828
2768 2209 2769 2216 ,

467 2243 611 2317 εἶτα
654 2253 1106 2334 συντριβέντες
1148 2251 1261 2315 καὶ
1305 2241 1630 2337 ἀλλήλους
1676 2246 2292 2331 κατανωτισάμενοι
2334 2250 2450 2314 καὶ
2499 2246 2616 2332 ἐμ·-

465 2351 826 2430 παίξαντες
869 2355 968 2437 τῷ
1009 2356 1352 2437 γυμνασίῳ
1398 2349 1521 2437 ἐγώ
1567 2352 1687 2434 μὲν
1721 2353 1832 2416 καὶ
1860 2352 2145 2428 Φιλῖνος
2174 2348 2244 2416 ἐν
2270 2353 2354 2438 τῇ
2383 2354 2614 2438 θερμῇ

465 2455 690 2540 πυέλῳ
733 2458 1289 2541 καταιονηθέντες
1346 2451 1615 2540 ἐξῇμεν·
1674 2453 1741 2519 οἱ
1796 2453 2029 2519 λοιποὶ
2087 2452 2160 2518 δὲ
2216 2450 2292 2519 τὸ
2349 2463 2614 2539 ψυχρο-

461 2555 679 2643 βαφὲς
719 2555 888 2641 κάρα
933 2554 1435 2644 δελφινίσαντες
1479 2559 1822 2641 περιένεον
1878 2551 2275 2641 ὑποβρύχιοι
2330 2559 2611 2640 θαυμα-

466 2663 648 2736 σίως.
758 2651 1296 2744 ἀναστρέψαντες
1368 2657 1440 2723 δὲ
1505 2643 1709 2735 αυθις
1778 2653 1980 2735 ἄλλος
2048 2652 2226 2722 αλλα
2289 2652 2610 2741 εδρῶμεν.

466 2759 590 2846 ἐγώ
646 2759 766 2842 μὲν
831 2754 1338 2846 ὑποδησάμενος
1405 2758 1683 2848 ἐξυόμην
1747 2758 1867 2844 τὴν
1922 2757 2216 2847 κεφαλὴν
2270 2764 2353 2848 τῇ
2404 2754 2611 2829 ὀδον-

463 2865 640 2949 τωτῇ
684 2860 961 2949 ξύστρᾳ·
1019 2864 1128 2927 καὶ
1172 2860 1297 2949 γὰρ
1344 2854 1421 2927 οῦ
1466 2862 1737 2950 κήπιον,
1786 2856 1956 2928 ἀλλὰ
2002 2863 2290 2985 σκάφιον
2336 2863 2698 2952 &made—829

461 2991 588 3053 μην
633 2959 721 3041 ὡς
767 2990 846 3029 αν
891 2957 966 3030 οὗ
1012 2962 1144 3051 πρὸ
1191 2965 1449 3030 πολλοῦ
1492 2966 1609 3030 τὸν
1651 2963 1882 3031 κόννον
1924 2967 2037 3031 καὶ
2079 2989 2197 3088 την
2226 2975 2607 3055 κορυφαίαν

461 3059 1006 3153 ἀποκεκομηκώς·
1068 3060 1267 3144 άλλος
1319 3064 1832 3152 ἐθερμοτράγει,
1890 3062 1926 3132 ὸ
1976 3066 2048 3133 δὲ
2105 3063 2263 3153 ἤμει
2314 3066 2437 3134 τὸν
2491 3074 2607 3159 νῆ-

461 3192 634 3250 στιν,
695 3163 729 3236 0‘
780 3168 851 3234 δὲ
898 3161 1141 3255 ἀραιὰς
1185 3193 1406 3234 ποιων
1449 3166 1572 3246 τὰς
1615 3168 1992 3257 ῥαφανῖδας
2036 3166 2437 3291 ἐμυστιλᾶτο
2482 3175 2605 3239 τοῦ
2762 3192 2763 3261 ἢ

461 3269 780 3358 ἰχθυηροῦ
849 3269 1098 3353 ζωμοῦ,
1169 3265 1369 3346 ἄλλος
1434 3265 1640 3357 ἤσθιε
1704 3272 2027 3368 φαυλίας,
2096 3266 2130 3339 ὸ
2195 3272 2268 3338 δὲ
2323 3271 2605 3363 ἐρρόφει
2762 3266 2763 3327 Ῑ

389 3376 427 3433 6
460 3375 592 3437 τῶν
645 3376 921 3456 κριθῶν.
1013 3378 1071 3439 6.
1117 3365 1403 3460 κάπειδὴ
1461 3369 1692 3454 καιρὸς
1746 3369 1855 3460 ἠν,
1917 3366 2018 3438 ἐπ’
2082 3366 2372 3460 ἀγκῶνος
2424 3375 2603 3444 ἐδει-

456 3476 783 3556 πνοῦμεν·
844 3473 1091 3540 ε’κειντο
1137 3473 1207 3540 δὲ
1251 3476 1363 3539 καὶ
1409 3466 1721 3540 ὀκλαδίαι
1762 3476 1872 3540 καὶ
1916 3468 2261 3542 ἀσκάνται.
2349 3502 2428 3543 τυ
2474 3478 2697 3562 ,dvm
2760 3540 2761 3543 ,

458 3572 536 3663 δὴ
584 3574 857 3641 δεῖπνον
900 3561 977 3664 ἦν
1026 3569 1161 3641 ἀπὸ
1212 3579 1592 3693 συμφορῶν.
1681 3574 2182 3663 παρεσκεύαστο
2241 3576 2316 3643 δὲ
2369 3577 2598 3646 πολλὰ

453 3678 566 3743 καὶ
610 3677 919 3758 ποικίλα,
981 3676 1214 3763 δίχηλα
1268 3669 1419 3744 ύεια
1472 3678 1586 3744 καὶ
1638 3677 1935 3759 σχελίδες
1989 3680 2100 3744 καὶ
2154 3672 2428 3767 ἠτριαία
2481 3686 2598 3752 καὶ

452 3778 733 3856 τοκάδος
776 3772 895 3856 ὖὸς
935 3776 1010 3844 τὸ
1060 3777 1567 3865 εμβρυοδόχον’
1547 3779 1809 3866 ε’ντερον
1851 3785 1962 3848 καὶ
2009 3781 2208 3865 λοβὸς
2266 3781 2334 3849 ἐκ
2390 3786 2597 3875 ταγή-

453 3906 567 3947 νου
609 3883 723 3947 καὶ
766 3878 1105 3964 μυττωτὸς
1147 3883 1258 3946 καὶ
1304 3879 1636 3971 ἀβυρτάκη
1680 3886 1792 3949 καὶ
1833 3886 2148 3951 τοιαῦταί
2188 3909 2365 3964 τινες
2392 3911 2594 3975 καρυ-

453 3996 629 4049 κεῑαι
670 3985 778 4050 καὶ
825 3982 1286 4069 θρυμματίδες
1328 3986 1440 4050 καὶ
1481 3989 1655 4069 θρῖα
1697 3987 1808 4052 καὶ
1851 3988 2309 4069 μελιτοῦτται·
2354 3993 2484 4056 τῶν
2514 3990 2593 4056 δὲ
2758 3970 2759 4059 ἦ
