2800 4500
436 245 561 305 836
1173 245 1553 299 ADNOTATlo
1591 245 1863 299 cnl‘rlcs.

646 412 688 482 ὃ
732 427 1185 502 περίκειται
1225 417 1244 501 ΙΙ
1287 417 1443 500 μήτε
1498 415 1616 501 τὴν
1672 426 1945 500 λεοντῆν
1990 415 2081 500 ἣν
2138 427 2615 500 περίκειται

647 527 958 600 αἰδεσθεὶς
1000 520 1156 604 μήτε
1198 518 1277 586 τὸ
1322 519 1618 604 ῥόπαλον
1666 522 1811 585 Oob.

438 643 489 687 e.
516 628 614 687 28.
646 639 957 704 γυναῖκας
1002 633 1330 702 μιμεῖσθαι
1358 620 1378 706 Ι
1404 649 1465 702 μ.
1516 650 1573 704 γ.
1620 625 1874 686 codices.

437 747 489 788 e.
516 732 617 789 29.
649 725 688 809 ἣ
732 733 1039 814 κωμῳδία
1088 780 1102 794 .
1136 780 1151 794 .
1186 779 1200 793 .
1252 723 1620 809 πρόσωπαΙ
1652 721 1675 812 [
1717 723 1741 811 ]
1788 727 1952 789 det.

437 850 488 891 c.
517 835 617 891 30.
648 834 722 894 οὶ
766 829 954 895 αὐτοὶ
982 827 1001 912 ΙΙ
1031 850 1142 893 om.
1189 834 1262 895 οὶ
1306 830 1411 892 Ac
1456 827 1651 898 ἩΓΦ
1693 830 2072 891 Athflarl.

442 953 490 993 e.
521 937 618 994 31.
648 929 816 1013 πλὴν
869 929 970 996 ὅτι
1026 928 1482 1014 ποικιλώτεραι
1539 927 1726 997 αὗται
1771 937 1880 996 καὶ
1937 934 2545 1011 πολυμαθέστεραι
2593 929 2616 1014 ΙΙ

658 1037 1254 1116 πολυπαθέστεραι
1297 1033 1462 1096 det.
1507 1035 1800 1111 siquidem
1845 1036 2055 1094 multas
2103 1052 2327 1110 easque
2371 1036 2614 1111 gravis·

652 1139 830 1198 simas
858 1137 1131 1198 fortunae
1160 1137 1597 1198 vicissitudines
1627 1138 1919 1214 praebent
1948 1135 2037 1198 Of.
2065 1156 2118 1197 c.
2138 1140 2214 1196 35
2247 1134 2410 1200 καθ’
2440 1132 2615 1201 ὅσον

651 1236 856 1320 ἤθους
899 1263 966 1304 τε
1008 1245 1115 1303 καὶ
1159 1236 1480 1316 πάθους
1524 1237 1902 1320 ἐπιδεικτική
1948 1241 2135 1304 ἐστιν.

440 1360 492 1401 e.
520 1345 620 1403 34.
651 1338 769 1405 τὸν
795 1338 1192 1405 τελεώτατον
1223 1338 1500 1423 καρπόν,
1539 1337 1579 1405 δ’
1588 1364 1730 1423 περ
1761 1337 1780 1422 ΙΙ
1808 1337 2035 1420 ὅσπερ
2067 1337 2289 1409 ΩἩΦ.
2328 1374 2403 1384 -
2443 1360 2613 1421 σφο-

652 1440 770 1525 δρά
815 1449 945 1507 καὶ
989 1441 1324 1526 καματηρὰ
1351 1439 1372 1525 Ι
1403 1440 1653 1526 σφόδρα
1696 1467 1920 1520 καματ.
1958 1464 2070 1506 om.
2103 1450 2211 1508 καὶ
2249 1441 2299 1503 Α
2333 1442 2616 1515 Qut

652 1578 735 1589 —
781 1542 1305 1626 ἐπιπολάζοντα
1346 1542 1367 1628 Ι
1410 1542 1852 1626 ἐπιπολάζον
1896 1546 2158 1624 Madvig.
2203 1581 2293 1591 —
2337 1549 2407 1612 ἐν
2456 1564 2609 1626 τοῖς

654 1644 901 1724 Νόμοις
930 1643 951 1729 Ι
980 1643 1001 1733 [
1042 1643 1062 1733 ]
1108 1650 1371 1710 Damste.

445 1771 493 1813 e.
524 1755 620 1812 36.
654 1747 1049 1828 ὑποθέσεως
1077 1747 1098 1834 Ι
1128 1749 1575 1832 ὑποσχέσεως
1619 1747 1821 1819 ἩΓῼ
1862 1752 2064 1812 Harl.

445 1873 495 1916 e.
524 1858 620 1915 37.
653 1860 848 1918 λίθου
895 1851 1231 1936 ὑποβολήν
1256 1848 1328 1938 H
1372 1847 1394 1938 ]
1441 1855 1727 1915 Paetzolt.
1794 1855 2058 1916 Damste.

442 1976 492 2018 ο.
521 1960 618 2017 38.
650 1952 926 2037 Ἔρωτος
972 1953 1152 2037 ἰσχὺν
1197 1954 1669 2037 α’μφοτέρου
1698 1954 1716 2036 ΙΙ
1745 1957 2139 2037 ἑκατέρου
2187 1952 2507 2025 ΩἩΓΦ..

443 2078 493 2121 ο.
522 2063 619 2120 39.
651 2055 765 2140 τὴν
824 2054 1104 2139 μεγάλην
1151 2057 1262 2122 ἐπ’
1321 2060 1572 2123 ἐκείνου
1618 2065 1763 2122 τοῦ
1812 2065 1998 2134 βίου
2056 2065 2375 2137 ναυαγίαν
2418 2055 2437 2140 ΙΙ
2482 2059 2609 2123 del.

653 2168 773 2226 τοῦ
815 2169 996 2239 βίου,
1052 2162 1210 2238 quod
1256 2159 1364 2225 ἐπ’
1423 2162 1671 2225 ἐκείνου
1730 2163 1874 2221 satis
1921 2166 2013 2222 est
2055 2161 2132 2221 ad
2175 2163 2325 2222 illud
2367 2167 2609 2239 tempus

658 2265 1131 2343 significandum.

446 2386 495 2428 c.
524 2371 622 2428 42.
659 2365 855 2444 Ἰνοῦς
883 2364 902 2448 ΙΙ
930 2373 1038 2431 καὶ
1082 2363 1199 2448 τὴν
1247 2364 1444 2442 Ἰνοῦς
1489 2366 1748 2427 Bekker.

448 2490 497 2532 e.
526 2475 626 2531 46.
656 2473 1070 2547 νομιστέον
1100 2466 1222 2552 γὰρ
1252 2477 1329 2550 τῇ
1358 2476 1800 2551 Σπαρτιατικῇ
1846 2472 2096 2552 ἱστορίᾳ
2125 2475 2233 2532 καὶ
2262 2466 2382 2549 τὴν
2434 2468 2613 2534 Ἰλια-

657 2570 777 2653 κὴν
824 2579 1152 2654 συνῆφθαι
1196 2624 1210 2637 .
1244 2623 1258 2637 .
1294 2624 1307 2637 .
1344 2622 1357 2636 .
1409 2577 1516 2635 καὶ
1572 2579 1930 2651 μεμνῆσθαι
1983 2575 2104 2634 δεῖ
2142 2567 2401 2635 τούτων
2447 2569 2548 2635 άεὶ
2590 2570 2612 2654 fl

655 2680 761 2738 καὶ
817 2682 1175 2755 μεμνῆσθαι
1235 2678 1274 2737 δ
1285 2677 1312 2736 ὲ
1358 2698 1409 2738 τ.
1462 2671 1557 2737 άεὶ
1603 2669 1656 2732 Α
1688 2669 1833 2733 ΩΦ
1872 2675 2075 2735 Harl.
2156 2675 2308 2734 Boni
2365 2674 2610 2735 codices

658 2795 767 2852 pro
813 2780 909 2839 δεῖ
947 2776 1171 2837 habent
1200 2779 1277 2840 δὲ
1307 2776 1466 2852 quod
1511 2776 1968 2853 praeferendum
2013 2780 2233 2855 „atque
2280 2775 2470 2852 probe
2515 2781 2607 2837 te·

652 2877 971 2940 nendum“.
1059 2881 1194 2940 Non
1239 2882 1427 2941 semel
1470 2880 1826 2940 adieetivum
1868 2880 2115 2940 verbale
2160 2880 2222 2937 in
2256 2879 2368 2942 έον
2398 2879 2609 2955 (νομι-

659 2982 867 3057 στέον)
898 2983 1165 3057 sequitur
1194 2981 1641 3043 infinitivus
1661 3028 1677 3061 ,
1721 2982 1929 3043 eodem
1957 2999 2137 3043 sensu
2165 2981 2492 3060 praeditus,
2525 2982 2611 3041 ita

659 3089 723 3144 ut
764 3102 882 3144 non
928 3102 1075 3161 opus
1120 3086 1197 3145 sit
1240 3084 1461 3145 addere
1506 3088 1603 3148 δεῖ
1651 3083 1739 3145 cf.
1785 3085 2180 3146 Hermotimus
2225 3103 2277 3146 c.
2311 3087 2390 3144 23
2440 3103 2489 3144 e.
2527 3088 2605 3145 36

659 3207 709 3248 e.
744 3190 846 3265 64,
893 3190 1098 3248 contra
1141 3206 1193 3247 ο.
1229 3190 1305 3248 52
1353 3183 1444 3263 ὡς
1489 3184 1571 3250 οὐ
1611 3190 2119 3266 φιλοσοφητέον,
2168 3183 2333 3250 α’λλά
2371 3182 2492 3267 χρὴ
2538 3237 2552 3250 .
2590 3238 2602 3250 .

658 3297 1070 3367 καταβιῶναι.

447 3412 496 3454 ο.
527 3398 623 3455 49.
655 3390 804 3457 κᾶν
851 3395 914 3470 ἐς
959 3389 1078 3474 τὴν
1115 3387 1368 3475 Κρήτην
1415 3390 1615 3472 α’φικῇ
1645 3388 1664 3474 ΙΙ
1692 3397 1821 3455 καὶ
1866 3388 1961 3454 ἂν
2006 3442 2019 3456 .
2054 3444 2068 3457 .
2102 3443 2116 3456 .
2167 3389 2382 3472 α’φίκῃ.
2462 3392 2611 3454 Sunt

663 3498 818 3556 enim
849 3495 966 3557 duo
999 3497 1298 3557 enuntiata
1347 3500 1397 3556 1.
1431 3501 1537 3557 καὶ
1568 3545 1580 3559 .
1616 3545 1630 3559 .
1666 3544 1681 3559 .
1716 3490 2068 3570 πάμπολλα
2101 3490 2403 3558 κάκεῖθεν
2432 3491 2470 3575 ἦ
2500 3491 2611 3576 ὄρ-

648 3614 831 3679 χησις
892 3593 1215 3678 ἐργάζεται
1274 3601 1332 3657 2.
1378 3593 1462 3660 ἂν
1516 3597 1579 3673 ἐς
1637 3591 1757 3676 τὴν
1810 3605 1919 3677 Κρ.
1971 3594 2182 3676 α’φίκῃ.
2268 3595 2356 3658 cf.
2402 3597 2538 3660 Vol.
2583 3599 2612 3657 Ι

656 3702 723 3762 P.
770 3701 828 3760 II
918 3747 930 3762 .
980 3700 1186 3760 LXVI.

444 3822 493 3865 e.
530 3809 627 3865 50.
660 3800 807 3866 κᾶν
853 3719 941 3879 §g
987 3808 1315 3866 Αἰτωλίαν
1357 3805 1667 3882 μετέλθῃς
1696 3798 1875 3884 ΙΙκαὶ
1921 3797 2016 3864 ἂν
2060 3799 2222 3862 det.
2290 3806 2342 3862 1.
2386 3804 2494 3863 καὶ
2541 3851 2555 3865 .
2593 3852 2605 3865 .

659 3903 844 3969 κάκεῖ
880 3901 1092 3969 πολλὰ
1123 3902 1161 3986 ἦ
1195 3902 1452 3986 ὄρχησις
1496 3901 1972 3981 καταλαμβάνει
2020 3908 2076 3965 2.
2107 3900 2189 3966 ἂν
2234 3955 2246 3968 .
2284 3955 2297 3969 .
2334 3955 2348 3968 .
2396 3904 2612 3979 μετέλ-

658 4014 795 4085 θῃς.
848 4039 929 4051 -
976 4001 1100 4069 α’νά
1117 4010 1155 4069 δ
1167 4030 1204 4070 ο
1223 4024 1326 4070 σιν
1351 4001 1373 4088 ΙΙ
1402 4003 1528 4070 α’νά
1547 4012 1585 4070 δ
1597 4031 1636 4070 υ
1657 4024 1757 4072 σιν
1805 4007 1946 4069 Gob.
