2800 4500
440 276 559 335 196
1385 274 1645 328 LUGIANI

437 470 489 512 e.
519 455 617 512 30.
649 453 864 530 Μηδίᾳ
906 442 927 531 ΙΙ
970 467 1082 508 om.
1131 473 1151 510 ι
1196 442 1248 506 Γ
1290 451 1539 528 μηδείαι
1582 448 1751 507 Harl.
1799 479 1878 489 --
1936 446 2109 508 ἔπεσι
2149 440 2170 527 ΙΙ
2215 445 2375 508 ἔτεσι
2422 444 2479 507 Ἡ
2538 478 2615 489 -

653 552 996 632 συνέτριψε
1039 545 1059 630 ll
1103 551 1466 629 συνέγραψε
1511 544 1562 607 Α
1620 581 1701 591 -
1761 553 1918 628 φησί
1971 543 1991 628 ΙΙ
2037 552 2235 628 φησίν
2290 548 2464 607 Harl.
2533 579 2620 590 —

652 671 1011 751 ἐπέγραψεν
1040 662 1059 749 ΙΙ
1098 655 1469 749 ἐπέγραψᾶν
1516 668 1647 744 (sio)
1692 661 1747 725 A
1791 699 1875 710 —
1922 668 2251 746 ἱερονίκου
2282 661 2302 748 ΙΙ
2333 668 2621 747 ἱεροανι-

655 778 780 835 κοῦ
826 769 879 832 Ἡ
923 803 1004 813 —-
1052 766 1316 849 δόλιχον
1362 765 1483 850 γὰρ
1526 765 1547 850 ΙΙ
1580 773 1963 847 λουλὶχουγί
2007 766 2057 828 Ἡ
2103 765 2416 848 λούλιχον
2468 792 2526 846 γ.
2567 761 2621 824 Γ

659 909 735 918 -
782 877 963 936 παισὶ
1005 867 1024 952 ΙΙ
1069 875 1310 935 παιέσει
1350 866 1455 934 ἩΓ
1498 877 1719 934 παισὶν
1764 872 1934 931 Harl.
1981 904 2065 914 —
2110 877 2402 951 νενίνηκε
2449 866 2473 953 fl
2520 893 2623 933 νε-

655 971 897 1057 νινήκει
925 969 977 1033 Γ
1007 979 1341 1054 νενίνηκεν
1368 975 1539 1034 Harl.
1584 1008 1663 1018 -—
1693 980 1829 1036 τῶν
1876 973 1946 1036 ἐν
1991 969 2155 1053 Ἀρμ.
2187 969 2206 1054 ΙΙ
2233 969 2352 1036 τὸν
2384 974 2457 1036 ἐν
2495 969 2615 1053 Ἀρ.

655 1077 707 1137 A
749 1110 832 1121 -
878 1075 1163 1158 Ἀρμενίᾳ
1207 1086 1450 1140 Μεσοπ.
1485 1079 1697 1156 Μηδίᾳ
1726 1071 1745 1158 ΙΙ
1774 1094 1887 1135 om.
1921 1100 1942 1137 ι
1984 1070 2035 1132 Γ
2081 1108 2165 1119 -
2206 1079 2420 1156 Μηδίᾳ
2453 1070 2476 1157 ΙΙ
2505 1098 2623 1155 μη-

659 1183 814 1242 δείαι
856 1180 1026 1239 Harl.
1071 1182 1295 1259 μηδεία
1338 1173 1393 1237 Α
1436 1211 1520 1221 —
1564 1184 1690 1241 νῦν
1724 1174 2055 1253 Ῥωμαίοις
2095 1171 2116 1258 ΙΙ
2147 1173 2218 1241 Ῥ.
2270 1184 2394 1240 νῦν
2442 1175 2504 1238 Ἡ

451 1306 499 1342 u
531 1290 627 1342 :w
663 1276 1180 1363 συγγεγραφότος
1221 1277 1240 1362 ΙΙ
1283 1276 1765 1361 γεγραφηκότος
1810 1279 1863 1341 Ἡ
1924 1313 1999 1322 -
2054 1286 2254 1359 λῆψιν
2298 1274 2318 1360 ΙΙ
2361 1285 2620 1359 λῆμψιν

659 1378 709 1442 Γ
756 1418 832 1428 -
882 1379 1000 1464 την
1054 1380 1465 1460 Οὐολογέσου
1497 1377 1516 1462 ΙΙ
1543 1388 1665 1445 τοῦ
1709 1379 2022 1460 ὀλογέσου
2072 1377 2126 1441 A
2168 1414 2253 1424 —
2301 1376 2624 1461 ὈσρόουΙ

663 1481 991 1567 οὐοσρόου
1038 1483 1091 1546 Ἡ
1135 1483 1427 1564 οὐοροου
1457 1478 1511 1543 Γ
1557 1517 1639 1527 -
1684 1479 1905 1547 κάλλει
1933 1479 1953 1566 ΙΙ
1985 1502 2098 1543 om.
2132 1477 2256 1561 ἩΓ,
2303 1501 2613 1559 suprascr.

659 1589 825 1648 Harl.
873 1607 950 1647 m.
995 1588 1053 1647 11
1107 1620 1193 1631 —
1246 1583 1438 1670 ᾤκισε
1484 1582 1503 1668 ΙΙ
1546 1605 1659 1646 om.
1707 1611 1727 1648 ι
1771 1581 1822 1643 Γ
1883 1622 1970 1631 -
2029 1589 2339 1667 Εἰρηνίαν
2383 1581 2405 1669 fl
2453 1582 2621 1667 εἰρή-

659 1713 839 1754 νειαν
885 1688 938 1751 Ἡ
981 1725 1065 1734 -
1109 1685 1378 1770 ἄκριτον
1424 1688 1441 1762 ΙΙ
1486 1685 1748 1770 ἄκριτος
1777 1683 1832 1747 Α
1875 1721 1960 1732 -
2004 1683 2355 1764 ἀνώνυμος
2398 1685 2418 1769 ΙΙ
2464 1684 2620 1752 οἶνό-

659 1816 864 1869 νυμος
894 1786 964 1850 Γ“
991 1825 1073 1835 -
1105 1792 1310 1872 ἐκείνη
1340 1788 1358 1868 ΙΙ
1390 1792 1641 1854 ἐκείνου
1671 1785 1723 1849 Γ
1761 1824 1843 1834 -
1872 1787 2201 1871 θαλάττης
2229 1785 2248 1871 ΙΙ
2275 1786 2619 1871 θαλάσσης

663 1894 714 1958 Ἡ
759 1928 842 1939 -
884 1906 1082 1974 μοῖρα
1108 1888 1128 1972 ΙΙ
1154 1898 1350 1974 μοίρα
1383 1891 1436 1954 Ἡ
1480 1926 1563 1936 -
1609 1886 1794 1956 οὗτοι
1825 1888 1843 1972 [Ι
1873 1911 1986 1952 om.
2020 1888 2074 1952 A
2101 1927 2187 1938 —
2217 1889 2620 1973 ἐπεραιώθη-

663 2013 782 2060 σαν
827 1993 844 2075 ΙΙ
891 1990 1342 2077 ἐστερεώθησαν
1385 1989 1440 2052 Γ
1502 2028 1575 2037 -
1636 1991 1829 2059 Ἰνδὸν
1872 1990 1891 2076 ΙΙ
1935 2013 2048 2054 om.
2092 1990 2146 2053 A
2203 1995 2370 2058 ἴδϊον
2416 1994 2475 2057 Ἡ
2532 2027 2619 2038 -

663 2106 725 2162 τί
769 2103 834 2162 δὲ
879 2104 984 2162 καὶ
1030 2094 1392 2179 πράξουσιν
1422 2092 1443 2180 ΙΙ
1478 2116 1591 2157 om.
1638 2101 1745 2160 καὶ
1791 2092 1894 2160 ἩΓ
1945 2129 2020 2140 -
2070 2097 2367 2160 ἐπέλασιν
2413 2093 2432 2179 ΙΙ
2480 2099 2617 2161 ἐπέ-

663 2212 882 2266 λευσιν
927 2198 980 2262 Ἡ
1023 2235 1106 2244 -
1153 2202 1447 2278 δέξονται
1480 2196 1498 2280 ΙΙ
1526 2202 1835 2278 δέξωνται
1878 2193 1930 2258 Γ
1974 2232 2058 2244 -
2104 2194 2129 2263 ἱ
2186 2194 2619 2284 θαυμαστὸς.

663 2300 774 2365 om.
835 2301 865 2369 ἑ.
935 2298 1039 2366 ἩΓ
1095 2337 1180 2347 -
1239 2307 1634 2383 Μουζίριδος
1675 2299 1694 2385 ΙΙ
1736 2298 2188 2383 Μουζούριδος
2234 2299 2286 2362 Ἡ
2338 2335 2427 2348 ——
2489 2300 2617 2366 ἄπ’

667 2406 1062 2489 Ὀξυδρακῶν
1168 2401 1298 2468 άπὸ
1351 2402 1695 2486 ξυδράκων
1739 2400 1794 2464 A
1849 2401 1980 2469 άπὸ
2026 2408 2369 2485 ξυδρακῶν
2415 2403 2472 2466 Ἡ
2536 2438 2615 2448 -

671 2512 984 2573 ἐπιστελεῖ
1021 2503 1040 2589 ΙΙ
1085 2509 1437 2571 ἐπιστέλλει
1484 2502 1587 2569 ἩΓ

457 2635 503 2671 π.
539 2619 631 2671 222.
667 2609 794 2675 ὑπὸ
843 2610 1253 2685 ἀπαιδευσίας
1281 2604 1301 2691 fl
1331 2605 1456 2671 ὑπ’
1501 2606 1606 2672 άπ.
1659 2606 1712 2669 Ἡ
1761 2640 1833 2651 -
1886 2604 2038 2672 οὔτε
2081 2604 2365 2688 ὁρῶντες
2396 2603 2414 2689 [Ι
2445 2604 2617 2672 οὗθ’

667 2711 761 2795 ὸρ.
799 2712 852 2775 Ἡ
895 2748 979 2758 —
1026 2709 1180 2776 οὐτ’
1225 2715 1282 2774 εἰ
1306 2713 1608 2787 βλέποιεν
1653 2707 1670 2790 ΙΙ
1714 2707 1862 2774 ου”τε
1906 2712 2165 2787 βλέπειν
2211 2705 2300 2790 Ω,
2347 2734 2386 2774 ν
2430 2729 2512 2769 m.
2559 2710 2617 2769 11

667 2817 832 2876 Harl.
878 2850 962 2858 —
1006 2811 1161 2877 κατ’
1207 2812 1397 2890 ἀξίαν
1442 2811 1459 2894 ΙΙ
1500 2810 1539 2894 ἢ
1588 2810 1741 2876 κατ’
1786 2811 1977 2890 α’ξίαν
2022 2807 2111 2891 Ω,
2157 2809 2197 2893 ἦ
2240 2831 2316 2873 m.
2347 2813 2406 2872 11
2439 2814 2614 2872 Harl.

667 2950 751 2961 —
795 2913 1315 2991 ἀναπλάττοντες
1343 2911 1362 2997 ΙΙ
1394 2910 1788 2991 πλάττοντες
1835 2914 1888 2976 Ἡ
1930 2949 2017 2959 -
2062 2911 2174 2976 ἐπ’
2217 2908 2620 2995 α’καιρίμανΙΙ

667 3018 1014 3099 ἐπίμερἦμα
1044 3012 1114 3076 Ω
1159 3018 1259 3079 ἐπὶ
1291 3022 1397 3079 καὶ
1430 3016 1599 3097 ῥῆμα
1630 3016 1680 3078 Ἡ
1718 3017 1822 3079 ἐπί
1865 3039 2106 3098 κερημα
2150 3018 2206 3091 (ε
2253 3020 2313 3077 et
2354 3040 2391 3097 η
2435 3035 2517 3075 m.
2562 3015 2621 3075 11

667 3122 833 3181 Harl.
865 3152 952 3163 —
987 3119 1141 3198 ἔλθῃ
1170 3114 1190 3201 ΙΙ
1220 3137 1332 3178 om.
1365 3144 1386 3179 ι
1417 3114 1467 3176 Γ
1514 3120 1749 3197 ἐπέλθῃ
1793 3113 1847 3176 Α
1891 3151 1976 3161 -
2021 3119 2124 3180 ἐπὶ
2165 3125 2261 3201 τῷ
2307 3115 2404 3199 α’ρ.
2451 3112 2473 3199 Ι]
2518 3118 2619 3179 ἐπὶ

667 3243 778 3285 om.
823 3218 877 3281 A
933 3257 1016 3268 —
1070 3228 1370 3300 γλῶσσαν
1413 3214 1432 3299 ΙΙ
1476 3228 1772 3299 γλῶτταν
1816 3218 1869 3281 Ἡ
1915 3252 1996 3263 --·
2040 3214 2226 3283 αὗται
2270 3216 2289 3301 ΙΙ
2332 3218 2525 3284 αὐταὶ
2566 3214 2620 3277 Α

667 3361 746 3371 --
803 3330 1161 3406 Παρθικῶν
1202 3319 1220 3404 ΙΙ
1263 3328 1388 3386 τοῦ
1439 3330 1643 3403 Παρθ.
1694 3317 1746 3380 Α
1804 3356 1887 3365 --
1946 3328 2150 3385 νικῶν
2192 3317 2480 3404 τοσάδεΙΙ
2531 3345 2621 3385 νι-

667 3435 916 3503 κῶντος
973 3420 1094 3489 ὦδε
1139 3419 1238 3504 Ω,
1298 3432 1633 3500 νικῶντος.
1710 3420 1819 3488 α’δὲ
1865 3424 1999 3501 (sic)
2044 3419 2153 3486 ΑἩ
2207 3457 2291 3468 -
2347 3428 2454 3488 καὶ
2502 3416 2621 3486 αὖ·

667 3532 995 3609 Παρθίδος
1037 3522 1056 3611 ΙΙ
1089 3531 1196 3590 καὶ
1242 3521 1324 3590 αὖ
1368 3534 1576 3607 Παρθ.
1627 3528 1754 3586 sine
1798 3527 2273 3602 interpunctione
2318 3560 2402 3570 —
2446 3531 2620 3607 πρῶ-

667 3654 784 3694 τον
827 3625 847 3713 ΙΙ
889 3638 1114 3711 πρῶτα
1160 3629 1212 3692 Ἡ
1257 3636 1301 3692 ἅ
1345 3630 1493 3706 (MP)
1539 3623 1591 3688 Γ
1638 3630 1675 3692 ἃ
1721 3630 1887 3688 Harl.
1946 3662 2030 3673 -
2077 3624 2378 3710 δεύτερον
2423 3625 2442 3711 ΙΙ
2486 3622 2623 3691 δεύ-

667 3757 817 3814 τερα
863 3726 967 3793 ἩΓ
1011 3738 1054 3809 β
1094 3733 1262 3792 Harl.
1323 3765 1407 3775 —
1471 3729 1751 3806 Ἀτθίδος
1794 3726 1814 3813 ΙΙ
1858 3728 2130 3807 Ἄττίδος
2174 3727 2227 3791 Ἡ
2278 3765 2365 3776 -
2425 3734 2623 3810 δῆλον

671 3831 769 3899 ὅτι
811 3831 832 3918 Β
875 3830 1176 3915 δηλονότι
1223 3831 1275 3894 Ἡ
1333 3866 1417 3877 —-
1474 3828 1649 3896 πολὺ
1691 3827 1710 3912 ΙΙ
1753 3828 2043 3908 πολλοὺς
2088 3830 2141 3894 Ἡ
2184 3827 2401 3895 πολλὰ
2444 3826 2494 3889 Γ
2542 3861 2625 3873 -

671 3938 1139 4015 Σαγαλασσέως
1166 3932 1185 4017 ΙΙ
1215 3936 1623 4013 σαγλασσέως
1645 3929 1713 3993 Ω
1742 3936 2175 4013 Σαγαλασέως
2203 3928 2313 3994 ΑἩ
2341 3966 2429 3978 -
2456 3940 2626 4012 Παρ-

675 4034 971 4102 θονικικά
999 4034 1019 4120 ΙΙ
1047 4033 1409 4119 παρθενικά
1440 4035 1490 4097 Ἡ
1522 4071 1605 4083 -
1649 4039 1878 4115 γέλωτι
1906 4030 1925 4119 ΙΙ
1954 4041 2224 4115 γελῶντι
2268 4033 2320 4095 Ἡ
2364 4068 2452 4080 —-
2496 4035 2627 4098 ἐπι-
