2800 4500
475 233 554 291 28
1360 231 1644 286 ΔΟΥΚΙΑΝ
1648 232 1733 284 ΟΥ

476 404 904 490 διηγούμενος
965 397 1223 485 ἀνέμων
1282 427 1353 467 τε
1409 402 1714 467 δουλείαν
1773 403 1884 468 καὶ
1940 400 2475 486 μονοφθάλμους
2519 400 2631 464 καὶ

476 499 878 592 ὠμοφάγους
921 507 1032 570 καὶ
1080 498 1349 591 ἀγρίους
1400 501 1590 580 τινὰς
1650 495 2093 588 ἀνθρώπους,
2155 501 2255 567 ἔτι
2301 501 2372 567 δὲ
2420 501 2633 565 πολυ-

474 608 734 692 κέφαλα
781 604 915 690 ζῷα
961 608 1069 671 καὶ
1123 603 1245 682 τὰς
1290 600 1423 670 ὑπὸ
1486 603 1853 690 φαρμάκων
1914 606 2043 668 τῶν
2095 601 2377 688 ἑταίρων
2421 625 2628 683 μετα-

473 706 712 792 βολάς,
817 706 928 773 οἷα
1001 705 1220 773 πολλὰ
1296 705 1543 783 ἐκεῖνος
1617 704 1789 788 πρὸς
1864 703 2136 780 ἰδιώτας
2220 697 2634 790 ἀνθρώπους

404 820 444 875 4
480 806 951 894 ἐτερατεύσατο
1025 808 1181 887 τούς
1250 814 1578 884 Φαίακας.
1687 814 1748 873 4.
1823 806 2087 883 τούτοις
2160 792 2275 871 οὖν
2349 803 2633 887 ἐντυχών

475 903 694 978 ἅπασι
739 914 858 977 τοῦ
905 910 1303 994 ψεύσασθαι
1346 910 1468 992 μὲν
1507 903 1582 975 οὗ
1623 908 1890 995 σφόδρα
1934 906 2090 985 τοὺς
2137 903 2382 992 ἄνδρας
2429 904 2633 990 ἐμεμ-

477 1014 710 1101 ψάμην
756 1009 929 1099 ὃριῦν
973 1009 1096 1100 ἤδη
1158 1013 1447 1100 σύνηθες
1492 1003 1567 1077 ὂν
1612 1015 1808 1077 τοῦτο
1866 1013 1973 1077 καὶ
2021 1025 2165 1088 τοῖς
2223 1012 2633 1098 φιλοσοφεῖν

474 1113 1058 1199 ὑπισχνουμένοις·
1128 1115 1336 1182 ἐκεῖνο
1398 1115 1471 1180 δὲ
1530 1108 1745 1181 αὐτῶν
1806 1112 2219 1196 ἐθαύμαζον,
2288 1111 2348 1178 εἰ
2406 1110 2634 1193 ἐνόμι-

476 1242 601 1284 σαν
647 1218 872 1304 λήσειν
918 1211 1034 1284 ούκ
1087 1211 1313 1306 ἀληθῆ
1371 1216 1882 1304 συγγράφοντες.
1973 1215 2211 1300 διόπερ
2272 1216 2382 1281 καὶ
2429 1208 2636 1291 αὐτὸς

475 1316 609 1386 ὑπὸ
657 1319 1037 1398 κενοδοξίας
1084 1313 1454 1386 ἀπολιπεῖν
1491 1344 1560 1385 τι
1591 1312 1986 1395 σπουδάσας
2029 1330 2173 1395 τοῖς
2215 1309 2380 1400 μεθ’
2440 1311 2634 1403 ἡμᾶς,

475 1421 587 1488 ἵνα
631 1420 719 1510 μὴ
776 1421 980 1504 μόνος
1039 1416 1319 1505 ὂῖμοιρος
1369 1407 1423 1485 ὦ
1469 1423 1587 1507 τῆς
1632 1419 1700 1486 ἐν
1743 1423 1840 1507 τῷ
1894 1422 2300 1504 μυθολογεῖν
2357 1417 2634 1485 ἐλευθε-

476 1529 643 1609 ρίας,
693 1522 845 1589 ἐπεὶ
888 1523 1093 1612 μηδὲν
1140 1517 1393 1610 ἀληθὲς
1442 1522 1730 1648 ιστορεῖν
1776 1518 1950 1604 εἶχον
1985 1558 2058 1569 --
2095 1515 2284 1588 οὐδὲν
2313 1519 2438 1608 γὰρ
2472 1520 2636 1587 ἐπε-

476 1624 766 1692 πόνθειν
830 1618 1178 1710 ἀξιόλογον
1238 1664 1321 1673 -
1380 1620 1499 1691 ἐπὶ
1556 1622 1631 1690 τὸ
1695 1625 1945 1708 ψεῦδος
2009 1622 2396 1710 ἐτραπόμην
2455 1619 2635 1689 πολυ

475 1730 605 1793 τῶν
663 1723 883 1792 α’λλων
942 1720 1577 1813 ευγνωμονέστερος·
1635 1716 1756 1792 κάν
1802 1728 1870 1793 ἓν
1914 1725 2048 1848 γὰρ
2094 1728 2292 1792 τοῦτο
2340 1722 2416 1814 δὴ
2444 1719 2636 1813 ’ἀλη-

478 1827 707 1894 θεύσω
754 1829 991 1913 λέγων,
1050 1821 1156 1896 ότι
1217 1828 1574 1913 ψεύδομαι.
1666 1821 1840 1894 ούτω
1888 1822 1950 1894 δ)
2005 1824 2086 1894 άν
2136 1853 2254 1912 μοι
2300 1828 2475 1893 δοκιῦ
2523 1831 2705 1893 uam

475 1928 595 2017 τὴν
639 1928 829 2014 παρὰ
873 1933 1006 1997 τῶν
1053 1926 1274 1996 ἄλλων
1330 1936 1730 2018 κατηγορίαν
1788 1929 2092 2018 ἐκφυγεῖν
2137 1924 2339 2007 αὐτὸς
2383 1926 2635 2013 ὁμολο-

475 2035 609 2117 γιῦν
654 2032 858 2120 μηδὲν
917 2026 1171 2120 ἀληθὲς
1231 2035 1463 2118 λέγειν.
1550 2032 1789 2119 γράφω
1848 2039 2071 2099 τοίνυν
2124 2035 2283 2116 περὶ
2328 2025 2421 2098 ὦν
2465 2031 2637 2119 μήτε

476 2129 655 2200 εἶδον
698 2134 866 2222 μήτε
916 2134 1183 2201 ἔπαθον
1240 2135 1407 2220 μήτε
1452 2128 1620 2223 παρ’
1689 2130 1907 2200 ἀλλων
1966 2128 2351 2222 ἐπυθόμην,
2411 2133 2515 2201 ἔτι
2563 2134 2634 2200 δὲ

471 2235 637 2325 μήτε
688 2229 861 2314 ὅλως
921 2230 1131 2304 ὄντων
1188 2235 1354 2325 μήτε
1412 2235 1530 2326 τὴν
1590 2231 1791 2325 ἀρχὴν
1848 2241 2168 2323 γενέσθαι
2226 2235 2632 2320 δυναμένων.

474 2338 577 2406 διὸ
628 2339 731 2407 δεῖ
771 2338 928 2417 τούς
974 2338 1482 2424 ἐντυγχάνοντας
1525 2340 1849 2427 μηδαμῶς
1893 2339 2238 2407 πιστεύειν
2285 2332 2539 2417 αὐτοῖς.

400 2452 437 2507 5
645 2450 705 2509 5.
746 2441 1107 2530 Ὁρμηθεὶς
1164 2442 1290 2527 γάρ
1347 2466 1519 2508 ποτε
1564 2438 1700 2509 ἀπὸ
1745 2438 2157 2528 (Ηρακλείων
2214 2443 2475 2529 στηλιῦν
2522 2444 2632 2508 καὶ

474 2537 678 2629 ἀφεὶς
724 2543 790 2620 ἐς
834 2541 952 2610 τὸν
999 2542 1310 2629 ἑσπέριον
1370 2538 1661 2611 ὠκεανόν
1720 2538 1925 2628 οὐρίῳ
1984 2538 2207 2630 ἀνέμῳ
2251 2543 2369 2612 τὸν
2415 2545 2632 2611 πλοῦν

475 2643 865 2731 ἐποιούμην.
957 2643 1142 2711 αἰτία
1189 2645 1262 2711 δέ
1309 2671 1428 2728 μοι
1470 2650 1588 2732 τῆς
1633 2639 2020 2734 ἀποδημίας
2064 2647 2170 2712 καὶ
2219 2640 2632 2733 ὗπόθεσιςὴ

472 2749 588 2830 τῆς
621 2746 925 2823 διανοίας
955 2754 1376 2833 παρεργασία
1412 2750 1525 2814 καὶ
1555 2748 1966 2834 πραγμάτων
1997 2751 2240 2814 καινῶν
2288 2746 2636 2832 ἐπιθυμία

471 2850 583 2912 καὶ
628 2846 704 2913 τὸ
763 2847 1137 2931 βούλεσθαι
1192 2854 1445 2932 μαθεῖν
1491 2856 1558 2915 τί
1599 2848 1675 2915 τὸ
1724 2850 1910 2928 τέλος
1967 2848 2106 2916 ἐστὶ
2152 2853 2270 2916 τοῦ
2316 2844 2633 2931 ὠκεανοῦ,

472 2952 582 3016 καὶ
638 2955 814 3028 τίνες
874 2952 939 3017 οἱ
1000 2953 1216 3034 πέραν
1273 2955 1730 3030 κατοικοῦντες
1788 2948 2168 3036 ἅνθρωποι.
2257 2951 2502 3018 τούτου
2560 2958 2635 3040 γέ

471 3076 578 3118 τοι
668 3051 853 3118 ἕνεκα
942 3052 1315 3136 πάμπολλα
1400 3054 1523 3136 μὲν
1604 3060 1789 3120 σιτία
1873 3053 2308 3142 ἐνεβαλόμην,
2377 3054 2634 3121 -ἱκανόν

475 3154 546 3220 δὲ
602 3157 713 3220 καὶ
781 3147 956 3240 ὕδωρ
1024 3154 1378 3243 ἐνεθέμην,
1447 3157 1855 3245 πεντήκοντα
1922 3157 1992 3222 δὲ
2057 3159 2190 3222 τῶν
2254 3153 2634 3245 ἡλικιωτῶν

475 3256 1080 3343 προσεποιησάμην
1125 3256 1243 3345 τὴν
1291 3250 1495 3344 αὐτὴν
1542 3257 1688 3342 ἐμοὶ
1735 3258 1998 3344 γνώμην
2050 3258 2349 3341 ἔχοντας,
2411 3257 2515 3324 ἔτι
2562 3260 2632 3323 δὲ

474 3360 581 3423 καὶ
631 3351 861 3423 ὅπλων
914 3357 1087 3424 πολύ
1132 3385 1201 3426 τι
1246 3361 1515 3448 πλῆθος
1573 3362 2172 3447 παρεσκευασάμην
2229 3362 2337 3425 καὶ
2396 3367 2632 3446 κυβερ-

478 3484 671 3546 νητην
716 3458 832 3524 τὸν
881 3455 1154 3545 ἄριστον
1198 3464 1436 3544 μισθω
1486 3462 1751 3549 μεγάλῳ
1798 3469 2042 3539 πείσας
2085 3462 2470 3547 παρέλαβον
2518 3466 2628 3528 καὶ

477 3559 591 3647 τὴν
639 3562 798 3626 ναῦν
843 3598 924 3607 -
973 3556 1214 3641 ὀῖκατος
1260 3563 1333 3630 δὲ
1377 3589 1457 3650 ην
1501 3601 1584 3611 -
1630 3589 1722 3641 ως
1766 3588 1941 3650 προς
1997 3564 2201 3649 μέγαν
2244 3567 2357 3630 καὶ
2397 3570 2630 3647 βίαιον

406 3671 443 3725 6
482 3665 691 3728 πλοῦν
748 3661 1218 3752 ἐκρατυνάμην.
1320 3670 1380 3730 6.
1439 3661 1690 3760 ἡμέραν
1745 3667 1864 3748 μὲν
1921 3664 2036 3733 οὖν
2091 3669 2200 3733 καὶ
2260 3665 2457 3732 νύκτα
2520 3691 2634 3733 ου·-
2655 3673 2705 3724 74
2769 3709 2770 3718 1

474 3771 599 3851 ρίω
646 3765 961 3842 πλέοντες
1007 3765 1105 3833 ε’τι
1164 3770 1278 3853 τῆς
1320 3770 1440 3855 γῆς
1497 3763 2041 3856 ὑποφαινομένης
2087 3762 2161 3834 ού
2210 3767 2477 3854 σφόδρα
2521 3774 2631 3851 βι-

479 3874 642 3943 αίως
688 3861 1097 3953 ἀνηγόμεθα,
1142 3873 1221 3956 τῇ
1269 3867 1553 3956 ἐπιούσῃ
1602 3870 1674 3937 δὲ
1721 3864 1859 3954 ἅμα
1902 3867 2072 3957 ἡλίῳ
2119 3864 2550 3937 ἀνατέλλοντι
2593 3866 2632 3936 δ’

478 3992 550 4033 τε
582 3964 822 4051 ἄνεμος
869 3968 1180 4037 ἐπεδίδου
1226 3973 1337 4037 καὶ
1369 3969 1445 4036 τὸ
1478 3975 1651 4054 κῦμα
1699 3967 2013 4060 ηὐξάνετο
2057 3976 2169 4039 καὶ
2217 3971 2422 4060 ζόφος
2468 3971 2632 4042 ἐπε-

2759 1144 2764 1179 --
2757 1058 2766 1123 -μιιη-
2759 834 2768 1033 ιμ--ι-ι-,ι

2757 1840 2764 1905 ιΑ-
2757 1780 2764 1799 ss

2757 1980 2764 2007 „-
