2800 4500
455 268 582 331 804

462 972 512 1017 c.
545 960 640 1019 16.

1187 274 1567 331 ABROTATlo
1600 277 1870 335 omncs.

666 468 778 521 τις.
841 444 926 511 οὐ
966 471 1200 528 μικρον
1246 454 1310 513 δὲ
1353 448 1651 531 κάκεῖνο,
1713 450 1803 528 ὡς
1847 458 1953 515 καὶ
2010 450 2208 529 αὐτος
2260 441 2357 516 ἂν
2389 457 2605 532 φαίης,

669 545 792 611 οὐδ
808 545 823 568 '
867 549 1135 615 ἔλαττον
1176 549 1218 637 ἢ
1264 549 1343 632 νὴ
1374 555 1496 618 Δία
1523 550 1757 619 κάκιον
1801 552 2030 633 ὀλίγου
2060 559 2193 618 δεῖν
2224 557 2601 635 παρέλιπον.

669 649 764 711 Ex
806 650 1054 715 aliorum
1099 655 1455 715 coniecturis
1498 657 1689 717 solam
1732 658 1930 717 Halmi
1974 657 2129 718 addo
2145 702 2162 736 ‚
2218 659 2320 733 qui
2360 675 2472 733 pro
2518 654 2611 720 οὐ

669 750 779 815 δι’
833 751 1084 835 αὐτὴν
1137 753 1232 837 νὴ
1286 759 1438 822 Δία
1493 760 1700 821 scribit
1754 758 1852 824 οὗ
1904 764 2462 825 Θουκυδίδεια.
2528 794 2615 803 -

669 850 885 935 ὥσπερ
929 853 1076 938 τὴν
1118 857 1471 942 πορφύραν
1504 858 1527 943 fl
1559 857 1646 942 δὴ
1689 861 1851 924 Βὴᾶῐ.
1896 858 2138 943 (ὥσπερ
2180 886 2327 926 τινα
2368 861 2497 938 Fr.)

670 953 710 1020 a'
723 955 1266 1042 xoypawousvogfl
1283 959 1328 1024 ὗ
1340 986 1391 1025 π
1404 960 1853 1044 ογραφόμενος
1874 966 1929 1025 Α
1950 961 2172 1031 21⁷-
2182 971 2382 1029 τοῦτο
2402 959 2616 1039 μόνον

671 1056 1027 1142 ᾐτιασάμην
1067 1060 1295 1143 αὐτοῦ,
1343 1060 1445 1127 ὅτι
1489 1061 1702 1142 οὕτως
1736 1067 2053 1147 ἐπέγραψε
2080 1064 2161 1132 τὰ
2186 1073 2405 1144 βιβλία
2432 1088 2614 1145 τραγ.

724 1212 737 1225 .
773 1213 786 1225 .
835 1170 942 1226 καὶ
987 1161 1430 1246 ὑπεγέγραπτο
1476 1164 1710 1248 ἑκάστῃ
1755 1165 1795 1233 ὅ
1839 1165 2130 1250 ἀριθμός.
2219 1174 2326 1231 καὶ
2370 1164 2450 1248 νὴ
2495 1168 2619 1232 Δία

676 1269 782 1326 καὶ
811 1260 889 1328 τὸ
930 1273 1280 1346 προοίμιον
1322 1319 1337 1332 .
1373 1321 1386 1333 .
1438 1270 1734 1350 ἐποίησεν
1777 1266 1992 1347 οὕτως
2034 1266 2418 1349 συναγαγών
2446 1321 2460 1333 .
2494 1320 2510 1333 .
2544 1320 2558 1332 .
2600 1323 2615 1336 .

674 1370 782 1429 καὶ
834 1362 958 1430 ὅτι
1012 1366 1370 1449 ἀρξάμενος
1414 1372 1485 1435 ἐν
1527 1379 1608 1452 τῇ
1663 1368 1807 1437 Ἰάδι
1861 1369 2134 1453 γράφειν
2176 1423 2190 1437 .
2225 1423 2240 1437 .
2275 1423 2290 1436 .
2324 1423 2339 1436 .
2388 1369 2621 1435 αὐτίκα

676 1464 850 1541 μα’λα
894 1470 997 1533 ἐπὶ
1025 1466 1144 1553 τὴν
1171 1469 1403 1553 κοινὴν
1444 1482 1775 1554 μετῆλθεν.
1852 1474 2072 1536 Omnes
2118 1475 2354 1537 codices
2396 1474 2625 1534 hahent

677 1571 824 1631 illud
857 1565 922 1654 [δ’
932 1568 1026 1656 τι]
1057 1578 1353 1650 posterius
1376 1581 1438 1637 ct
1457 1582 1707 1655 possunt
1732 1595 1878 1639 sane
1900 1578 2088 1639 verba
2117 1596 2270 1654 quac
2296 1581 2627 1653 sequuntur

480 2510 532 2554 c.
563 2496 655 2552 17.

679 1690 971 1750 mpenfla
1014 1695 1146 1739 csse
1176 1696 1214 1737 a
1238 1685 1441 1743 τοῦτο
1483 1677 1695 1755 μόνον
1738 1676 2108 1761 ᾐτιασάμην.
2185 1680 2305 1742 Sed
2343 1698 2420 1740 nc
2448 1680 2624 1739 nimis

681 1775 894 1852 longus
949 1780 1385 1857 impeditusquc
1436 1781 1541 1842 fiat
1588 1785 1866 1844 circuitus
1907 1784 2224 1844 verborum
2238 1828 2256 1863 ,
2320 1783 2521 1842 malim
2563 1786 2630 1842 et

683 1878 833 1938 hacc
861 1881 1049 1941 verba
1077 1887 1138 1942 et
1165 1901 1322 1959 quac
1351 1884 1718 1960 praecedunt
1744 1891 1853 1949 καὶ
1883 1880 1962 1966 νὴ
1993 1887 2111 1951 Δία
2140 1889 2208 1945 ut
2235 1903 2346 1962 pcr
2370 1903 2438 1946 se
2467 1890 2630 1945 stent

688 1997 762 2040 ex
811 2000 967 2043 nexu
1011 1984 1115 2044 illo
1170 1986 1484 2045 verborum
1531 1990 1592 2046 et
1631 1989 2052 2047 sententiarum
2093 1987 2346 2048 liberare
2363 2032 2380 2066 ,
2434 1988 2522 2046 ita
2561 1991 2631 2046 ut

686 2083 762 2144 ab
789 2085 907 2146 illis
949 2086 1147 2147 verbis
1189 2095 1388 2151 τοῦτο
1432 2084 1641 2163 μόνον
1685 2085 2042 2170 ᾐτιασάμην
2083 2089 2169 2149 nil
2211 2089 2470 2166 pendeat
2511 2090 2631 2149 uisi

684 2179 784 2247 ὅτι
828 2236 842 2250 .
876 2236 890 2251 .
950 2187 1263 2269 ἐπέγραψε
1318 2240 1331 2253 .
1368 2239 1381 2253 .
1420 2240 1432 2254 .
1495 2195 1602 2254 καὶ
1657 2187 2098 2272 ὑπεγέγραπτο
2155 2239 2169 2256 .
2204 2241 2217 2256 .
2253 2241 2267 2257 .
2329 2186 2626 2272 ἀριθμός.

686 2286 893 2363 Itaque
950 2292 1243 2365 posterius
1285 2291 1433 2352 illud
1485 2288 1574 2356 ὅτ
1592 2318 1612 2354 ι
1657 2297 1796 2353 ante
1855 2289 2214 2374 ἀρξάμενος
2268 2293 2487 2354 delevi.
2548 2327 2631 2337 —-

689 2393 1033 2471 ἰητρείην
1066 2391 1089 2471 ΙΙ
1122 2391 1479 2474 ἰητρικὴν
1522 2394 1668 2457 Ddf.
1712 2396 1833 2476 Fr.²
1885 2393 2055 2477 (God.
2102 2393 2165 2463 ss
2208 2392 2539 2476 ἰατρικὴν).

687 2490 764 2555 τὸ
793 2490 914 2575 γὰρ
942 2503 1267 2576 τοιοῦτον,
1301 2497 1478 2579 εἴπερ
1507 2494 1650 2579 ἄρα,
1682 2495 1836 2579 ἡμῖν
1868 2499 2025 2562 ἔδει
2054 2508 2430 2564 καταλιπεῖν
2459 2505 2636 2577 λογί-

691 2594 960 2677 ζεσθαιῆ
982 2594 1182 2661 αὐτὸν
1207 2595 1528 2680 εἰπεῖνΙτὸ
1541 2598 1663 2682 γὰρ
1678 2608 1984 2666 τοιοῦτον
2007 2653 2020 2666 .
2038 2652 2052 2666 .
2074 2652 2088 2666 .
2116 2597 2267 2682 ἡμῖν
2289 2597 2334 2664 ἄ
2342 2624 2388 2676 μ
2403 2624 2466 2662 ει
2484 2624 2526 2664 ν
2541 2624 2579 2664 ο
2595 2624 2636 2663 ν

693 2688 785 2774 ἦν
816 2705 1033 2762 καταλ.
1069 2707 1123 2762 λ.
1161 2696 1198 2779 ἢ
1229 2752 1243 2764 .
1272 2751 1285 2763 .
1314 2751 1327 2763 .
1363 2700 1504 2761 Ddf.
1551 2698 1819 2776 ἄμεινον
1848 2697 1928 2782 ἦν
1958 2721 2067 2779 pro
2098 2702 2218 2765 ἔδει
2248 2702 2408 2778 quod
2434 2703 2500 2760 in
2529 2719 2637 2777 op·

692 2798 848 2858 timis
871 2800 1169 2862 codicibus
1193 2803 1295 2878 (A)
1316 2799 1651 2872 QPPal.
1675 2805 1852 2865 Harl.
1875 2823 1995 2865 non
2019 2808 2124 2866 cst.
2169 2803 2261 2865 of.
2276 2802 2433 2864 Gall.
2457 2822 2513 2867 c.
2540 2807 2637 2864 13.

698 2899 857 2964 ἔνθα
902 2906 1353 2985 σιδηροφορεῖν
1381 2904 1703 2987 μᾶλλονῆ
1737 2921 2176 2988 χρυσοφορεῖν
2219 2903 2491 2982 ἄμεινον
2535 2901 2633 2987 ἦν.

486 2997 1057 3083 c.19.‘H9dxzecg‚
1107 3000 1252 3068 ὅσαι
1294 3002 1317 3087 fl
1360 3008 1580 3068 Delevi
1637 3026 1883 3068 comma.
1979 3008 2067 3069 Of.
2125 3008 2430 3068 Lucianea
2484 3026 2642 3067 mea.

697 3107 946 3183 Leipzig
995 3110 1175 3168 1872.
1219 3126 1278 3184 p.
1313 3115 1413 3171 94.
1442 3143 1527 3154 -
1558 3115 1664 3173 καὶ
1695 3104 1804 3174 ὧν
1834 3107 2026 3176 ἄνευ
2071 3109 2220 3174 οὐκ
2250 3107 2342 3174 ἂν
2385 3107 2642 3190 ᾔδειμεν

697 3235 758 3273 τι
789 3216 923 3272 τῶν
954 3210 1083 3272 ἐκεῖ
1108 3213 1533 3291 πραχθέντων
1565 3209 1589 3292 ΙΙ
1621 3206 1729 3276 ὧν
1760 3211 1908 3276 οὐκ
1940 3210 1982 3276 ἆ
1994 3237 2033 3276 ν
2062 3238 2134 3276 τι
2166 3209 2356 3276 ἄνευ
2388 3210 2643 3293 ᾔδειμεν

700 3312 865 3374 det.
911 3309 1003 3372 cf.
1032 3311 1203 3373 Bhet.
1243 3332 1443 3389 praec.
1476 3332 1525 3375 c.
1565 3318 1658 3376 18.
1691 3315 1792 3377 ἐπὶ
1822 3322 1976 3378 πᾶσι
2007 3318 2074 3378 δὲ
2103 3312 2142 3379 ὃ
2164 3311 2503 3395 Μαραθὼν
2533 3319 2643 3378 καὶ

701 3411 738 3477 ὃ
782 3420 1218 3495 Κυναίγειρος,
1265 3409 1361 3479 ὧν
1406 3413 1529 3479 οὐκ
1573 3412 1653 3480 ἄν
1696 3441 1767 3510 ‘n¹
1801 3413 1956 3480 ἄνευ
2001 3419 2267 3495 γένοιτο.

494 3537 546 3579 c.
572 3522 672 3578 20.
703 3512 834 3579 ὑπὸ
876 3513 997 3595 γὰρ
1044 3514 1376 3593 ἀσθενείας
1420 3526 1533 3598 τῆς
1563 3518 1632 3581 ἐν
1663 3532 1802 3594 τοῖς
1829 3524 2165 3599 χρησίμοις
2208 3568 2223 3583 .
2260 3566 2277 3581 .
2309 3571 2321 3583 .
2373 3514 2648 3597 ὑπερεμ-

704 3623 1158 3693 πίμπλαται
1204 3619 1492 3695 ἔτνους
1535 3616 1714 3696 τινὸς
1744 3617 1782 3700 ἢ
1809 3626 2141 3701 ταρίχους,
2190 3618 2328 3683 ἔστ’
2357 3617 2439 3684 ἂν
2469 3625 2652 3698 διαρ·

705 3727 866 3800 ραγῇ
906 3721 1144 3784 ἐσθίων
1179 3717 1199 3801 fl
1231 3722 1442 3799 Agitur
1472 3722 1546 3783 dc
1575 3724 1648 3783 iis
1678 3723 2084 3802 scriptoribus,
2128 3724 2229 3799 qui
2270 3721 2652 3799 gravioribus

702 3823 881 3886 rebus
924 3825 985 3883 in
1029 3824 1272 3885 historia
1326 3826 1615 3902 neglectis
1660 3827 1720 3884 in
1780 3825 2127 3901 quibusdam
2181 3824 2656 3901 descriptionum

709 3926 963 3984 minutiis
1020 3942 1091 3983 ac
1149 3925 1378 3985 deliciis
1435 3929 1598 3988 nimii
1653 3931 1804 3988 sunt.
1891 3927 2017 3988 Hos
2074 3928 2371 3987 Luciauus
2422 3925 2657 3986 similes

713 4040 845 4085 csse
889 4023 1031 4084 dicit
1070 4027 1259 4086 servis
1277 4070 1293 4101 ‚
1353 4029 1455 4101 qui
1498 4046 1644 4088 casu
1686 4028 1899 4088 divites
1941 4026 2113 4105 facti,
2159 4028 2491 4089 lautissimis
2532 4025 2659 4086 da-
