2800 4500
251 941 305 985 e.
333 927 394 983 3.

247 1451 302 1492 o.
329 1438 393 1492 4.

852 238 1070 291 VERAE
1103 235 1453 290 ms'rosslAE
1488 235 1673 289 LIBER
1706 236 1743 288 Ι.
2242 228 2368 289 313

686 545 980 611 VERAE
1023 543 1494 610 HISTORIAE
1538 542 1797 608 LIBER
1841 543 1892 606 Ι.

597 718 921 780 Cer-tissimi
950 718 1134 779 duces
1162 719 1222 777 in
1250 717 1367 776 hoo
1395 717 1619 791 scripto
1662 718 1798 775 suut
1825 713 2062 773 codices
2090 706 2195 772 211*
2224 715 2364 773 Μυῒ.

425 820 705 898 adjuncto
749 823 924 882 etiam
967 815 1052 883 Ω.

428 918 468 985 ἃ
508 919 666 1002 μήτε
722 918 920 998 αὐτὸς
963 921 1086 985 εἶδε
1133 918 1289 1000 μήτε
1334 917 1541 982 ἄλλου
1595 914 1978 992 εἰπόντος
2032 913 2307 995 ἤκουσεν

428 1021 732 1100 ἰδόντος
754 1024 999 1085 Mehler.
1031 1057 1107 1066 —
1144 1021 1252 1086 οἷα
1274 1018 1489 1085 πολλὰ
1511 1021 1753 1096 ἐκεῖνος
1783 1016 1886 1095 ὡς
1915 1014 2079 1098 πρὸς
2108 1014 2365 1094 ἰδιώτας

424 1122 821 1206 ἀνθρώπους
851 1122 1303 1205 ἐτερατεύσατο
1333 1120 1490 1199 τοὺς
1526 1118 1847 1203 Φαίακας.
1868 1123 2084 1182 Delevi
2112 1118 2202 1197 ὡς
2230 1139 2364 1180 oum

423 1227 604 1289 Codd.
638 1229 691 1288 A
737 1223 1059 1306 QZMuu3
1103 1245 1223 1287 nou
1255 1228 1522 1286 narravit
1546 1228 1620 1285 iis
1652 1227 1821 1302 quasi
1851 1228 2051 1285 essent
2076 1225 2177 1284 vel
2206 1222 2366 1300 quod

424 1336 626 1392 essent
666 1332 883 1393 idiotae
925 1332 1036 1393 sed
1076 1331 1305 1390 sciebat
1345 1330 1521 1407 bene,
1566 1346 1670 1389 eos
1714 1345 1847 1388 esse
1890 1327 2121 1387 idiotas.

423 1433 525 1495 ἐπὶ
554 1429 633 1496 τὸ
663 1437 904 1511 ψεῦδος
946 1428 1313 1512 ἐτραπόμην
1357 1427 1531 1494 πολὺ
1560 1483 1574 1495 .
1610 1483 1624 1495 .
1658 1482 1673 1494 .
1708 1428 2364 1508 εὐγνωμονέστε-

423 1558 574 1614 ρον
601 1532 620 1614 Ε
650 1533 1303 1614 εὐγνωμονέστερος
1344 1533 1590 1610 Madvig
1644 1565 1725 1575 —
1770 1528 1834 1594 ὁὶ
1888 1538 2087 1594 τοῦτο
2116 1527 2136 1610 Β
2161 1537 2363 1594 τοῦτο

422 1632 499 1718 δὴ
565 1638 762 1698 Madv.
807 1673 888 1682 —
935 1633 1034 1701 ὅτι
1077 1634 1459 1715 ψεύσομαι
1500 1631 1522 1716 Ι
1560 1631 1903 1713 ψεύδομαι
1948 1628 2150 1694 0211·
2192 1635 2361 1694 Mat„

285 1784 300 1798 .
374 1781 393 1797 .
424 1742 597 1802 αἰτία
642 1741 709 1802 δέ
749 1763 861 1815 μοι
903 1746 1016 1819 τῆς
1061 1737 1420 1818 ἀποδημίας
1463 1743 1568 1799 καὶ
1615 1734 1921 1812 ὑπόθεσις
1956 1733 1994 1816 ἡ
2039 1743 2152 1816 τῆς
2197 1740 2362 1798 δια-

422 1864 516 1904 νο
533 1846 559 1902 ί
571 1865 612 1903 α
629 1865 662 1916 ς
705 1847 1126 1921 περιεργία
1155 1845 1263 1903 καὶ
1293 1835 1691 1919 πραγμάτων
1727 1845 1978 1902 καινῶν
2005 1839 2315 1914 ἐπιθυμία
2344 1833 2364 1918 Ι

425 1940 463 2023 ἣ
505 1951 618 2023 τῆς
663 1947 950 2020 διανοίας
994 1948 1445 2023 παρεργασί
1457 1967 1497 2005 α
1532 1942 1699 2003 det.
1746 1942 1986 2020 „Causa
2014 1941 2157 2001 mihi
2186 1959 2362 2017 pere·

425 2048 774 2123 grinationis
805 2050 867 2105 et
892 2047 1216 2105 institutum
1258 2047 1471 2106 mentis
1501 2044 1795 2120 quaedam
1836 2046 2091 2103 inanis
2135 2043 2360 2104 sedu-

423 2149 610 2209 litas
639 2166 1047 2223 novarumque
1075 2166 1272 2209 rerum
1302 2146 1580 2225 oupid0.“
1624 2146 1722 2208 Sic
1751 2148 2171 2223 interpretatur
2198 2148 2359 2207 Reit-

421 2253 578 2330 zius,
621 2253 766 2311 satis
808 2256 971 2311 reete
1017 2252 1093 2311 ad
1135 2253 1485 2311 senteutiam
1500 2295 1518 2330 ‚
1561 2250 1715 2310 falso
1760 2250 1839 2309 ad
1880 2249 2195 2310 verborum
2240 2253 2359 2309 vim

422 2372 494 2413 ao
521 2352 1029 2431 significationem.
1101 2356 1257 2413 Nam
1298 2358 1620 2434 περιεργία
1664 2354 1901 2412 minime
1932 2356 2024 2412 est
2064 2353 2357 2431 „inanis

419 2455 900 2534 sedulitas“‚
961 2458 1135 2517 immo
1193 2475 1478 2517 summum
1535 2457 1636 2515 vel
1691 2457 1930 2515 nimium
1986 2455 2354 2530 quoddam

417 2560 760 2620 studium.
807 2559 921 2634 (cf.
941 2560 1248 2621 Alexand:
1279 2577 1333 2620 o.
1360 2565 1419 2618 4.
1451 2556 1526 2622 τὸ
1554 2565 1891 2637 περίεργον
1914 2577 1965 2618 o.
1992 2564 2090 2619 49.
2115 2581 2359 2639 περιερ-

417 2657 688 2740 γότερον
710 2680 762 2721 o.
783 2667 860 2722 53
884 2665 1231 2742 περιέργως
1253 2663 1394 2722 dial.
1417 2662 1657 2723 deorum
1682 2661 1795 2720 VII
1817 2680 1870 2720 o.
1887 2667 1923 2720 4
1956 2657 2087 2722 ὑπὸ
2116 2684 2359 2741 περιερ-

415 2764 600 2841 γίας).
642 2764 699 2823 Α
728 2783 845 2839 quo
874 2767 1133 2842 graviori
1161 2765 1352 2824 studio
1381 2782 1513 2823 oum
1541 2764 1721 2840 paulo
1751 2767 1888 2824 ante
1919 2766 1993 2838 (e.
2027 2764 2082 2838 1)
2114 2764 2361 2824 dixisset

410 2866 719 2941 paulisper
745 2866 904 2926 velle
946 2883 1082 2926 sese
1124 2865 1372 2927 reficere
1416 2863 1685 2940 (α’νιέναι
1725 2862 1843 2946 τὴν
1888 2862 2184 2929 διάνοιαν
2214 2885 2265 2927 o.
2299 2870 2356 2926 2.

411 2963 816 3044 ἀνάπαυσις),
859 2967 1015 3027 hane
1043 2987 1253 3029 vocem
1281 2972 1655 3049 (περιεργία)
1683 2988 1721 3026 a
1748 2971 2171 3029 sententiarum
2198 2986 2358 3028 nexu

412 3070 666 3129 alienam
710 3086 843 3129 ease
889 3075 1156 3146 apparet.
1231 3070 1624 3142 Quamobrem
1667 3089 1847 3131 ausus
1874 3089 2005 3131 sum
2034 3077 2358 3151 περιεργία

411 3176 639 3231 mutare
668 3174 731 3230 in
760 3178 1204 3252 παρεργασί
1216 3197 1271 3236 α.
1327 3174 1481 3232 Nam
1512 3173 2000 3249 quemadmodum
2030 3169 2357 3252 πάρεργον

416 3277 506 3332 est
533 3273 763 3348 aliquid
791 3274 952 3348 quod
996 3276 1164 3349 quasi
1207 3277 1370 3333 iuxta
1412 3277 1665 3351 positum
1696 3295 1732 3334 a
1759 3295 1825 3335 re
1855 3278 2136 3351 primaria
2164 3276 2356 3353 abest,

410 3377 497 3435 sio
527 3381 922 3455 παρεργασία
953 3382 1045 3436 est
1072 3377 1235 3436 aliud
1257 3395 1434 3453 quam
1457 3378 1617 3453 quod
1636 3380 2002 3454 propositum
2027 3383 2119 3439 est
2139 3379 2359 3456 agendi

410 3478 683 3555 studium,
729 3496 918 3554 prope
950 3479 1197 3539 dixerim
1230 3480 1375 3539 nihil
1406 3481 1621 3557 agendi
1650 3481 1924 3558 studium,
1970 3484 2089 3560 vel,
2133 3486 2199 3542 ut
2241 3483 2357 3543 hoo

408 3578 539 3639 looo
556 3624 573 3657 ,
616 3583 962 3656 postpositis
1007 3583 1376 3658 gravioribus
1420 3583 1600 3643 rebus
1642 3584 1874 3644 leviora
1914 3586 2209 3645 tractandi
2250 3603 2355 3662 ge-

408 3681 685 3757 niumque
730 3682 1010 3758 placandi
1052 3682 1254 3743 libido.
1342 3685 1562 3744 Verum
1610 3689 1732 3764 est,
1784 3687 1941 3746 hano
1984 3705 2193 3747 vocem
2238 3710 2357 3749 πα-

413 3786 734 3863 ρεργασία)
781 3785 894 3845 hoo
938 3802 1117 3844 sensu
1162 3786 1310 3846 alias
1354 3805 1475 3846 non
1517 3790 1789 3868 inveniri,
1826 3790 1937 3850 sed
1966 3808 2083 3866 quo
2112 3793 2239 3852 solo
2269 3793 2355 3851 le-

416 3886 564 3960 gitur
594 3887 729 3946 looo
748 3887 1057 3961 Plutarchi
1078 3889 1284 3948 Moral.
1319 3893 1476 3950 1048
1492 3899 1550 3953 E
1576 3891 1652 3950 ad
1677 3897 1987 3967 quaestum
2013 3893 2357 3954 faciendum

410 3990 722 4061 pertinere.
795 3990 986 4049 Nemo
1015 3994 1211 4050 tamen
1255 3993 1318 4050 in
1347 3992 1462 4052 hae
1489 4011 1642 4053 voce
1672 3994 1832 4054 huno
1862 4015 2037 4071 quem
2069 4000 2124 4057 ei
2151 4000 2356 4058 tribui·
