2800 4500
980 251 1131 305 ΠΕΡΙ
1169 252 1525 306 ΟΡΧΗΣΕΩΣ.
2203 252 2322 309 145

194 441 293 495 νος
321 417 651 503 ἐρομένου,
681 471 720 501 ,,
733 426 819 488 Τί
848 416 930 488 ἄν
961 443 1073 488 σοι
1094 420 1420 507 χρήσιμος
1448 425 1704 508 γένοιτο
1735 419 1942 502 ἐκεῑ“,·
1984 428 2327 506 ,,Προσοί-

191 525 390 602 κους“,
436 521 586 611 ἔφη,
631 523 1053 610 ,,βαρβάρους
1097 523 1266 607 ἔχω,,
1314 518 1428 606 οὐχ
1458 520 1937 610 ὁμογλώττους,
1982 526 2093 590 καὶ
2125 522 2324 612 ἑρμη-

193 628 341 689 νέων
405 619 483 692 οὗ
551 625 785 714 ῥᾴδιον
851 620 1165 712 εὐπορεῖν
1229 625 1405 713 πρὸς
1474 621 1741 705 αὐτούς·
1822 617 1900 714 ἢν
1965 613 2080 693 οὖν
2143 652 2326 705 τινος

193 723 449 809 δέωμαι,
498 728 818 794 διανεύων
863 723 1059 807 οὗτος
1104 728 1347 796 ἕκαστά
1391 754 1510 813 μοι
1555 727 1999 818 ἑρμηνεύσει.“
2086 731 2326 795 τοσοῦ-

189 851 290 893 τον
334 824 467 915 ἰίρα
509 834 828 897 καθίκετο
875 824 1081 898 αὑτοῦ
1126 826 1165 920 ἡ
1210 837 1492 919 μίμησις
1535 833 1653 919 τῆς
1689 827 2036 919 ὀρχήσεως,
2084 829 2323 918 ἐπίση-

189 928 300 1010 μός
326 955 400 996 τε
426 935 543 999 καὶ
574 931 798 1020 σαφὴς
828 945 1137 1019 φανεῖσα.
1228 939 1330 1000 65.
1377 928 1415 1021 ἡ
1452 932 1525 999 δὲ
1556 934 1837 1020 πλείστη
1871 930 2176 1020 διατριβὴ
2208 936 2321 1000 καὶ
2350 939 2428 995 65

190 1025 219 1095 ὃ
272 1032 525 1112 σκοπὸς
578 1039 698 1122 τῆς
752 1029 1142 1123 ὀρχηστικῆς
1198 1031 1238 1123 ἥ
1298 1030 1652 1120 ὑπόκρισίς
1708 1033 1921 1116 ἐστιν,
1983 1031 2077 1113 ὥς
2137 1035 2323 1122 ἔφην,

190 1134 339 1202 κατὰ
385 1135 471 1202 τὰ
516 1130 686 1203 αὑτὰ
728 1141 843 1205 καὶ
886 1151 1029 1215 τοῖς
1073 1136 1385 1225 ῥήτορσιν
1431 1135 1980 1227 ἐπιτηδευομένη,
2039 1140 2151 1205 καὶ
2195 1138 2326 1221 μά·-

190 1236 368 1303 λιστα
434 1251 576 1315 τοῖς
638 1237 761 1318 τὰς
824 1241 1234 1323 καλουμένας
1282 1237 1533 1316 ταύτας
1583 1241 1864 1323 μελέτας
1925 1238 2318 1318 διεξιοῦσιν·

193 1330 364 1404 οὐδὲν
397 1338 526 1425 γὰρ
555 1343 668 1408 καὶ
699 1339 768 1407 ἐν
799 1339 1073 1419 ἐκείνοις
1100 1342 1356 1425 μᾶλλον
1388 1330 1875 1424 ἐπαινοῦμεν”
1833 1366 1872 1428 η
1917 1339 1993 1406 τὸ
2042 1340 2324 1408 ἐοικέναι

115 1443 311 1518 Μτοῖς
353 1437 824 1526 ὑποκειμένοις
866 1441 1269 1529 προσώποις
1311 1446 1425 1511 καὶ
1466 1440 1557 1529 μὴ
1606 1436 1850 1529 ἀπῳδὰ
1897 1440 2070 1510 εἶναι
2100 1442 2183 1509 τὰ
2216 1446 2322 1509 λε-

189 1537 420 1621 γόμενα
474 1543 610 1606 τῶν
668 1540 1116 1627 εἰσαγομένων
1182 1534 1510 1627 ἇριστέων
1573 1531 1616 1627 ἢ
1680 1541 2209 1626 τυραννοκτόνων
2273 1532 2315 1627 ἢ

191 1640 478 1727 πενήτων
521 1668 561 1729 η
605 1646 929 1729 γεωργῶν,
978 1635 1128 1708 ἀλλ’
1181 1640 1249 1709 ἐν
1292 1641 1551 1729 ἑκάστῳ
1595 1641 1847 1709 τούτων
1877 1642 1952 1710 τὸ
1985 1643 2164 1710 ἰ’διον
2210 1647 2322 1711 καὶ

191 1739 253 1808 τὸ
295 1741 635 1829 ἐξαίρετον
681 1743 1097 1811 δείκνυσθαι.

346 1850 448 1912 66.
489 1838 752 1912 Ἐθέλω
795 1848 954 1932 γοῦν
996 1867 1110 1913 σοι
1150 1848 1260 1911 καὶ
1309 1839 1513 1911 αλλου
1555 1843 1897 1929 βαρβάρου
1951 1845 2141 1933 ῥῆσιν
2200 1842 2313 1911 ἐπὶ
2340 1853 2417 1910 66

194 1945 437 2024 τούτοις
495 1946 745 2014 εἰπεῖν·
813 1945 976 2013 ίδων
1030 1945 1158 2068 γὰρ
1214 1950 1417 2013 πέντε
1474 1945 1817 2033 πρόσωπα
1879 1949 1976 2032 τῷ
2042 1939 2326 2034 ὀρχηστῇ

194 2054 769 2134 παρεσκευασμένα
813 2087 897 2098 -
941 2049 1280 2116 τοσούτων
1322 2050 1449 2135 γὰρ
1496 2052 1716 2135 μερῶν
1744 2048 1820 2116 τὸ
1855 2048 2077 2134 δρᾶμα
2119 2035 2199 2137 ἦν
2244 2088 2327 2098 -

198 2147 455 2239 ἐζήτει“
431 2152 548 2218 ε’να
592 2148 768 2238 ορῶν
809 2178 928 2219 τον
972 2144 1332 2241 ὀρχηστήν,
1390 2157 1570 2229 τίνες
1615 2151 1680 2217 οἶ
1733 2144 2171 2238 ὀρχησόμενοι
2214 2153 2326 2217 καὶ

196 2246 731 2339 ὑποκρινούμενοι
772 2253 857 2320 τὰ
903 2253 1114 2321 λοιπὰ
1161 2267 1566 2341 προσωπεῖα
1612 2250 1773 2320 εἶεν·
1834 2252 1985 2320 επεὶ
2046 2253 2183 2319 δὲ’
2164 2252 2325 2335 ε’μα-

195 2358 304 2421 θεν
331 2350 438 2424 ὅτι
469 2353 505 2423 ὃ
556 2351 756 2435 αὑτὸς
799 2354 1258 2443 ὑποκρινεῖται
1299 2358 1413 2422 καὶ
1457 2352 1906 2441 ὑπορχήσεται
1950 2355 2034 2421 τὰ
2079 2354 2323 2436 πάντα,

196 2449 618 2546 ,,Ἐλελήθεις,
651 2446 704 2524 ὦ
724 2461 1092 2544 βέλτιστε“,
1125 2456 1274 2546 ἔφη,
1306 2461 1545 2542 ,,σιῦμα
1574 2457 1694 2541 μὲν
1722 2461 1919 2524 τοῦτο
1952 2456 2037 2539 ἕν,
2070 2458 2327 2535 πολλὰς

198 2557 258 2623 δὲ
295 2559 514 2644 ψυχὰς
559 2559 787 2644 ἔχων“.
876 2566 979 2627 67.
1022 2564 1233 2626 ταῦτα
1273 2559 1394 2644 μὲν
1440 2554 1474 2625 ὅ
1513 2558 1869 2645 βάρβαρος.
1958 2551 2073 2624 οὐκ
2120 2551 2321 2624 άπει-
2348 2584 2419 2640 37

196 2660 381 2741 κότως
427 2663 501 2729 δὲ
542 2666 656 2730 καὶ
701 2663 769 2730 οἱ
790 2657 1176 2730 Ἰταλιῶται
1219 2661 1337 2729 τὸν
1380 2655 1708 2750 ὀρχηστὴν
1751 2659 2177 2744 παντόμιμον
2206 2685 2325 2726 κα-

198 2763 403 2833 λοῦσιν
447 2759 613 2852 [άπὸ
661 2768 782 2832 τοῦ
827 2765 1164 2850 δρωμένου
1211 2762 1503 2851 σχεδόν]·
1547 2761 1711 2850 καλὴ
1763 2761 1888 2848 γὰρ
1935 2758 1973 2849 ἡ
2010 2762 2323 2850 ποιητικὴ

197 2873 574 2951 παραίνεσις
616 2866 828 2955 ἐκείνη
873 2865 982 2947 τό,
1039 2864 1137 2947 ,,ὠ
1180 2879 1340 2946 παῖ,
1400 2870 1683 2931 ποντίου
1730 2862 1945 2950 θηρὸς
1990 2871 2321 2950 πετραίου

199 2965 326 3035 νόον
368 2969 576 3051 ἰ’σχων
631 2968 892 3046 πάσαις
947 2970 1299 3035 πολίεσσιν
1359 2964 1655 3051 όμίλει,“
1711 2969 1822 3033 καὶ
1878 2969 1976 3052 τῷ
2033 2961 2325 3054 ὀρχηστῇ

203 3059 535 3155 ἀναγκαία·
591 3073 705 3137 καὶ.
751 3070 858 3136 δεῖ
896 3071 1296 3157 προσφύντα
1338 3082 1483 3148 τοῖς
1524 3067 1875 3154 πράγμασι
1920 3071 2326 3135 συνοικειοῦν

203 3166 410 3237 ἑαυτὸν
439 3171 699 3257 ἑκάστῳ
740 3175 874 3237 τῶν
920 3171 1292 3256 δρωμένων.
1377 3169 1456 3236 τὸ
1504 3171 1576 3237 δὲ
1620 3163 1777 3237 ὅλον
1810 3165 1949 3258 ἤθη
1982 3172 2094 3235 καὶ
2126 3169 2323 3258 πάθη

204 3269 417 3349 δείξειν
478 3276 593 3340 καὶ
657 3270 1176 3358 ὑποκρινεῖσθαι
1239 3268 1280 3362 ἡ
1347 3268 1615 3359 ὄρχησις
1679 3270 2154 3358 ἐπαγγέλλεται
2212 3275 2326 3339 νῦν

203 3373 304 3451 μὲν
343 3374 625 3462 ἐρῶντα,
671 3379 787 3442 νῦν
834 3375 907 3442 δὲ
949 3371 1371 3462 ὀργιζόμενόν
1412 3400 1565 3443 τινα
1610 3373 2002 3460 εἰσάγουσα,
2047 3377 2160 3441 καὶ
2206 3368 2326 3439 ἅλ-

207 3474 302 3539 λον
341 3477 679 3565 μεμηνότα
721 3479 831 3544 καὶ
879 3475 1080 3543 ἄλλον
1126 3477 1597 3564 λελυπημένον,
1642 3479 1753 3543 καὶ
1800 3468 2071 3542 ἅπαντα
2108 3479 2320 3543 ταῦτα

57 3550 58 3553 ¹
127 3584 715 3667 δῦὂμεμετρημένως·
771 3578 848 3645 τὸ
907 3582 1065 3664 γοῦν
1108 3577 1694 3663 παραδοξότατον,
1753 3580 1870 3665 τῆς
1916 3571 2119 3665 αὐτῆς
2160 3574 2326 3667 ἡμέ-

210 3700 309 3759 ρας
349 3676 494 3767 ὂὶρτι
536 3681 660 3765 μὲν
696 3674 1015 3764 ’Ἀθάμας
1056 3678 1381 3767 μεμηνώς,
1430 3675 1582 3763 ἄρτι
1625 3679 1697 3746 δὲ
1735 3673 1886 3747 Ἰνὼ
1945 3686 2324 3768 φοβουμένη

212 3775 539 3865 δείκνυται,
583 3786 699 3849 καὶ
744 3779 980 3848 ἷὲλλοτε
1015 3777 1289 3867 Ἀτρεὺς
1333 3777 1368 3847 ὅ
1429 3776 1628 3860 αὑτός
1640 3833 1658 3862 ,
1717 3785 1829 3848 καὶ
1872 3780 2041 3866 μετὰ
2089 3781 2325 3865 μικρὸν

215 3882 505 3971 Θυέστης,
575 3882 720 3951 εἶτα
772 3884 1123 3969 Αἴγισθος
1177 3874 1218 3968 ἢ
1267 3876 1597 3970 Ἀερόπη·
1664 3886 1775 3950 καὶ
1832 3886 2044 3950 ταῦτα
2102 3883 2326 3952 πάντα

212 3979 291 4060 εἷς
331 3982 688 4076 ἅνθρωπός
733 3986 894 4054 ἐστι.
983 3990 1086 4055 68.
1131 3984 1215 4053 τὰ
1271 3985 1391 4068 μὲν
1451 3971 1565 4051 οὖν
1624 3981 1792 4052 ἄλλα
1836 3985 2153 4067 θεάματα
2211 3989 2426 4054 καὶ68

296 4093 449 4138 Ionian
473 4097 528 4140 u.
556 4100 594 4140 1.
1957 4090 2019 4139 10
