2800 4500
462 274 586 334 326
1195 274 1574 329 ADNOTATIO
1612 275 1882 330 CRITICA.

672 454 864 510 tanter
893 451 1123 513 conicio
1151 457 1405 526 μᾶλλον
1443 454 1506 513 δὲ
1539 446 1685 530 ὅρα
1717 448 1839 529 σύ,
1888 444 1941 513 ὦ
1973 447 2172 531 πάτερ
2184 477 2207 529 ,·
2251 452 2345 510 Tu
2379 454 2616 529 „potius

675 553 985 613 considera
1016 554 1348 629 exemplum
1375 555 1416 614 i.
1456 571 1507 613 e.
1541 557 1819 628 quantum
1849 552 1956 613 tibi
1985 552 2351 630 profuerim“
2384 587 2469 597 -
2500 550 2615 635 τὴν

676 652 947 735 ἀμοιβὴν
994 654 1114 719 ἄντ
1136 654 1151 674 ‘
1194 658 1460 718 ἐκείνων
1489 652 1507 735 11
1539 653 1672 719 α’ντ.
1726 656 1808 720 ε’κ.
1846 651 1961 738 τὴν
1994 652 2268 737 α’μοιβήν
2301 653 2510 716 ΩΓΒ
2538 691 2617 700 --

675 763 780 820 καὶ
826 753 1267 837 παμπονῆρως
1310 758 1585 836 ἔχουσαν
1618 753 1689 840 11[
1732 753 1754 841 ]
1803 758 2120 819 Schwartz,

465 861 807 923 ο.16..ὲ’στι
853 863 918 923 δὲ
962 866 1097 923 τῶν
1142 857 1357 925 ὄντων
1405 856 1715 923 ἁπάντων
1759 856 2079 924 τούτων
2126 861 2195 923 έν
2240 867 2319 939 τῇ
2365 864 2619 941 ἰατρικῇ

674 960 750 1027 τὸ
795 963 1342 1040 ἐπισφαλέστατον
1369 959 1390 1045 11
1420 970 1662 1026 τοῦτο
1708 964 1786 1022 Κ.
1820 963 1889 1023 G.
1922 965 1990 1023 P.
2024 962 2341 1024 Schwartz.

466 1085 515 1126 c.
551 1071 642 1125 17.
673 1061 757 1146 μὴ
787 1062 908 1145 γὰρ
940 1063 1131 1129 τοῦτ’
1176 1062 1461 1141 οἰκούσας
1493 1063 1687 1142 εὐθὺς
1728 1063 1763 1128 ὑ
1784 1063 2136 1143 :eoadem
2166 1088 2282 1145 τις,
2330 1081 2522 1143 ποῖος
2554 1070 2621 1130 δὲ

677 1166 713 1249 ἢ
745 1166 947 1244 πόσος
979 1166 1015 1232 ὃ
1046 1165 1331 1245 κάματος
1376 1170 1577 1247 ἐγχέαι
1623 1166 1967 1249 φάρμακον
1981 1196 2004 1248 ,·
2047 1168 2259 1234 πολλὰ
2302 1167 2443 1251 γὰρ
2490 1169 2623 1250 πρὸ

675 1268 916 1334 τούτου
962 1273 1255 1350 γενέσθαι
1302 1276 1398 1334 δεῖ
1424 1267 1443 1353 fl
1470 1268 1836 1352 ’ὑπολάβῃ
1888 1273 2026 1352 ΓΒ,
2075 1292 2192 1352 „ne
2238 1277 2369 1350 quis
2414 1280 2625 1336 contra

678 1374 853 1453 dicat,
900 1376 1091 1450 qualis
1120 1375 1358 1434 tandem
1389 1375 1488 1435 vel
1520 1381 1771 1449 quantus
1804 1379 1895 1435 est
1921 1376 2091 1436 labor
2121 1376 2468 1436 infundendi
2499 1396 2622 1438 me-

678 1476 1129 1556 dicamentum“,
1180 1482 1283 1550 (—-
1329 1477 1468 1537 hoc
1512 1479 1705 1537 scito
1751 1511 1833 1521 —-
1880 1478 2040 1554 quod
2084 1481 2439 1555 cogitatione
2479 1498 2622 1557 sup·

675 1580 976 1656 plendum)
1009 1580 1233 1658 „multa
1264 1582 1439 1639 etiam
1471 1584 1606 1640 ante
1634 1581 1902 1655 paranda
1929 1578 2122 1659 sunt“,
2157 1599 2280 1641 om.
2313 1578 2456 1661 γὰρ
2483 1587 2625 1657 post

672 1678 912 1760 πολλὰ,
967 1701 1120 1757 quae
1164 1686 1493 1743 structurae
1538 1683 1802 1745 brevitas
1849 1701 1924 1743 ex
1969 1684 2268 1760 cogitandi
2314 1685 2625 1746 celeritate

677 1783 924 1843 oriunda
969 1787 1140 1844 etiam
1186 1787 1366 1845 latino
1414 1790 1474 1845 et
1514 1790 1714 1846 nostro
1760 1788 2015 1846 sermoni
2059 1788 2304 1862 propria
2347 1792 2454 1847 est.

466 1906 518 1946 c.
549 1888 640 1949 18.
674 1892 1046 1967 καθυβρίζει
1074 1883 1092 1967 11
1121 1895 1265 1952 καθ.
1328 1885 1419 1951 τὰ
1477 1892 1514 1951 ὁ
1525 1894 1548 1950 ι’
1559 1912 1597 1950 κ
1619 1910 1752 1951 αια
1798 1888 1961 1949 det.
2021 1893 2233 1951 δίκαια
2291 1891 2419 1950 sine
2480 1891 2624 1950 arti—

676 1988 812 2049 cillo
854 1983 1002 2053 ΩΒ.

465 2110 516 2151 c.
551 2095 641 2150 19.
674 2088 836 2154 κατὰ
879 2099 1014 2154 τῶν
1058 2089 1213 2167 τοὺς
1259 2090 1587 2172 εὐεργέτας
1630 2088 1711 2172 μὴ
1761 2089 1938 2155 ἄντ’
1985 2086 2067 2154 εὖ
2094 2088 2573 2155 ποιούντων
2605 2087 2628 2170 Ι

677 2191 1405 2260 ἀντευποιούντων
1452 2190 1517 2256 Β.

465 2316 515 2358 c.
545 2302 640 2359 20.
675 2295 795 2360 α’λλ
815 2295 829 2317 ’
874 2294 1051 2374 ὑμῖν
1082 2311 1254 2362 ποιεῖ
1292 2305 1492 2361 τοῦτο
1523 2293 1542 2379 11
1571 2296 1691 2374 ἐφ’
1739 2295 1928 2374 ὑμῖν
1958 2298 2155 2358 Madv.
2193 2295 2210 2317 ‘
2234 2301 2471 2357 vestrae
2516 2316 2625 2373 po-

676 2402 902 2461 testatis
962 2401 1074 2461 hoc
1129 2399 1311 2460 facit.‘
1412 2399 1502 2459 Of.
1566 2420 1618 2460 c.
1677 2405 1753 2460 22
1814 2397 1892 2464 τὰ
1949 2403 2014 2463 δὲ
2074 2397 2242 2463 ἄλλα
2301 2401 2379 2477 ἐφ
2398 2397 2413 2419 '
2470 2396 2626 2481 ἡμῖν

679 2504 852 2566 ἐστιν
893 2517 1031 2579 τοῖς
1075 2508 1310 2566 παισίν.
2473 2539 2481 2544 ·

466 2623 515 2665 c.
545 2609 643 2666 23.
676 2612 985 2685 πατρικῆς
1042 2608 1107 2667 δὲ
1165 2601 1449 2684 ἀνάγκης
1504 2600 1844 2683 ἄμοιρος
1886 2600 1921 2682 ἡ
1984 2600 2275 2684 ἀτελὴς
2333 2606 2573 2684 τέχνη
2606 2603 2626 2684 11

679 2699 1018 2786 ἄμοιρος
1063 2711 1196 2769 καὶ
1243 2703 1529 2785 ἀτελὴς
1575 2702 1611 2785 ὅ]
1654 2707 1889 2785 τέχνη
1927 2706 2092 2765 deta
2141 2703 2434 2785 (ἄμοιρος
2482 2704 2622 2769 α’τε-

679 2804 792 2887 λὴς
820 2805 857 2888 ἢ
888 2811 1070 2889 τέχνη
1101 2809 1155 2868 Α
1186 2809 1291 2878 Β.)
1336 2804 1351 2827 ‘
1369 2810 1562 2867 Patris
1592 2810 1948 2868 necessitate
1979 2805 2229 2867 liberata
2250 2811 2320 2868 -et
2347 2810 2625 2867 immunis

681 2914 770 2970 est
813 2908 949 2972 ars.’
997 2911 1084 2972 Cf.
1133 2930 1183 2971 c.
1218 2915 1298 2971 24
1343 2909 1495 2974 οὐδὲ
1537 2917 1633 2994 τῷ
1677 2917 1773 2993 σῷ
1816 2906 1997 2992 νόμῳ
2046 2906 2486 2985 ὑποκείμενος.

467 3031 516 3075 c.
545 3017 642 3073 24.
673 3009 1010 3094 μεμάθηκά
1055 3031 1180 3077 σοι
1205 3009 1228 3095 11
1259 3019 1361 3077 σοὶ
1406 3013 1572 3073 det.

468 3138 517 3180 c.
546 3120 642 3177 25.
677 3112 752 3179 τὸ
798 3112 970 3193 ἅπαξ
1014 3113 1159 3180 τινὰ
1219 3113 1566 3190 ἰασάμενον
1623 3111 1870 3190 πάντας
1896 3115 1995 3190 ές
2039 3113 2146 3177 αἐὶ
2190 3109 2571 3195 θεραπείειν
2612 3110 2632 3194 11

678 3217 815 3296 αἐὶ,
863 3238 975 3280 om.
1023 3220 1085 3295 ές
1131 3218 1294 3280 detv

468 3342 517 3383 c⁶
545 3326 643 3382 27.
676 3324 745 3386 έν
773 3320 950 3402 ὄρει
976 3319 994 3404 11
1024 3323 1092 3384 ἐν
1138 3319 1437 3404 ὀρεινῷ
1463 3319 1653 3380 Schw.
1702 3349 1784 3366 ψ·
1830 3314 2007 3381 οὕτω
2040 3321 2117 3381 δὲ
2148 3323 2255 3380 καὶ
2284 3316 2303 3398 11
2332 3313 2414 3399 δὴ
2453 3318 2624 3379 det.

469 3445 517 3486 c.
547 3428 644 3486 28.
678 3425 1378 3506 ἐσκιατροφημένα
1407 3421 1424 3503 11
1459 3424 1536 3484 ἐν
1584 3427 1765 3502 σκιᾷ
1809 3422 2276 3500 τραφημένα
2321 3417 2388 3485 Β.

468 3546 525 3589 ο..
547 3532 644 3588 29.
677 3534 853 3603 τίνος
898 3534 997 3590 a).
1014 3549 1042 3589 ε
1060 3533 1134 3589 ἑο
1150 3549 1188 3589 ν
1208 3551 1243 3589 ο
1262 3550 1291 3602 ς
1335 3527 1570 3603 μετέχει
1596 3520 1619 3606 11
1648 3532 1744 3586 πλ
1761 3548 1788 3586 ε
1808 3538 1879 3587 ῖ·ο
1898 3548 1935 3585 ν
1981 3523 2170 3584 Schw.

469 3649 520 3690 c.
548 3635 646 3690 30.
680 3630 826 3694 οἷον
885 3632 1054 3704 νέοις
1110 3632 1226 3704 μὲν
1284 3635 1595 3707 πλῆθος
1657 3623 1745 3701 ὡς
1796 3623 1877 3688 τὸ
1935 3622 2106 3689 πολύ
2134 3622 2155 3707 11
2183 3632 2473 3704 πλῆθος
2523 3622 2623 3697 (†)

689 3732 885 3811 det.;
931 3733 1174 3807 Madvig
1218 3738 1466 3810 γῆθος
1511 3726 1584 3792 τὸ
1631 3724 1819 3792 πολὺ.
1860 3751 1865 3760 “
1914 3728 1993 3787 At
2035 3743 2251 3804 pueros
2282 3729 2379 3787 vel
2424 3726 2632 3785 adole-

677 3839 913 3896 scentes
970 3839 1215 3911 propter
1273 3835 1450 3892 animi
1509 3834 1789 3893 laetitiam
1850 3833 1911 3889 in
1967 3832 2254 3890 insaniam
2322 3829 2633 3905 aberrare,

684 3936 842 3996 haud
862 3936 1166 3998 credibile.
1213 3936 1493 3995 Fortasse
1515 3934 1834 4011 legendum
1856 3929 2070 4008 πάθος
2088 3929 2123 4005 (‘
2141 3926 2566 3991 Leidenschaft
2590 3926 2636 4002 ³)

621 4075 625 4082 -
686 4038 949 4111 inprimis
995 4032 1320 4115 ἐρωτικόν.
