2800 4500
442 243 472 299 1
486 243 516 299 1
525 243 562 301 8
1320 243 1694 297 ΔΟΥΚΙΑΝΟΥ

641 417 896 495 Φοῖβος
941 406 1380 500 ἀκερσεκόμης
1427 413 1666 496 λοιμοῦ
1723 415 2005 501 νεφέλην
2053 407 2391 497 ἀπερύκει.

435 517 547 580 καὶ
594 516 793 580 τοῦτο
836 499 916 601 ἦν
962 513 1125 580 ἰδεῖν
1169 513 1244 581 τὸ
1295 513 1460 592 ἔπος
1504 518 1846 597 πανταχοῦ
1906 514 2022 583 ἐπὶ
2075 518 2210 582 τῶν
2265 514 2595 581 πυλώνων

435 620 885 703 γεγραμμένον
944 611 1035 694 ῶς
1090 620 1210 682 τοῦ
1267 619 1508 701 λοιμοῦ
1575 611 2136 705 ἀλεξιφάρμακον.
2237 614 2314 683 τὸ
2387 610 2451 683 δ’
2529 615 2595 694 ἐς

436 713 822 786 τούναντίον
865 732 1010 797 τοῖς
1053 720 1399 796 πλείστοις
1445 712 1852 807 προύχώρει·
1897 718 2066 785 κατὰ
2111 719 2237 806 γάρ
2283 744 2435 785 τινα
2479 719 2596 784 τύ-

431 846 553 908 χην
600 814 798 887 αὗται
840 814 1134 904 μάλιστα
1180 821 1251 886 αἱ
1297 820 1506 887 οἰκίαι
1549 819 1994 910 ἐκενώθησαν,
2041 820 2110 888 ἐν
2155 820 2265 899 αῖς
2306 819 2383 889 τὸ
2426 821 2597 899 ἔπος

438 921 914 1008 ἐπεγέγραπτο.
1003 926 1115 990 καὶ
1157 922 1248 1010 μή
1293 947 1377 1006 με
1423 930 1702 1044 νομίσῃς
1751 927 1948 990 τοῦτο
2007 926 2250 1010 λέγειν,
2308 923 2419 991 ὅτι
2480 923 2594 990 διὰ

436 1023 512 1091 τὸ
562 1023 728 1103 ἔπος
772 1018 1200 1090 ἀπώλλυντο·
1249 1019 1417 1090 ἀλλὰ
1463 1025 1618 1113 τύχη
1650 1028 1786 1092 τινὶ
1817 1018 2026 1104 ούτως
2056 1025 2332 1112 ἐγένετο.
2421 1025 2597 1107 τάχα

438 1127 510 1193 δὲ
553 1130 665 1194 καὶ
712 1127 778 1194 οἱ
822 1129 1067 1208 πολλοὶ
1109 1131 1522 1215 θαρροῦντες
1565 1131 1656 1213 τῶ
1709 1133 1913 1213 στίχῳ
1970 1122 2257 1214 ἠμέλουν
2314 1129 2425 1196 καὶ
2474 1129 2599 1216 ῥᾳ-

435 1230 815 1313 θυμότερον
862 1230 1183 1316 διῃτῶντο
1246 1224 1436 1296 οὐδὲν
1494 1234 1592 1315 τῷ
1642 1234 1919 1324 χρησμῷ
1977 1230 2152 1315 πρὸς
2209 1229 2332 1320 τὴν
2389 1225 2596 1297 νόσον

438 1332 927 1411 συντελοῦντες,
994 1327 1085 1409 ῶς
1150 1356 1232 1397 αν
1295 1329 1552 1414 ἔχοντες
1617 1337 2134 1416 προμαχομένας
2192 1327 2412 1398 αὗτῶν
2469 1331 2688 1410 τὰς244

440 1431 775 1520 συλλαβὰς
816 1434 928 1500 καὶ
970 1459 1088 1500 τον
1134 1427 1578 1521 ἆκερσεκόμην
1630 1440 1883 1519 Φοῖβον
1930 1427 2430 1512 αποτοξεύοντα
2475 1459 2600 1501 τον

338 1543 410 1598 37
439 1535 692 1619 λοιμόν.
783 1542 885 1604 37.
930 1539 1281 1623 πευθῆνας
1322 1540 1554 1620 μέντοι
1599 1561 1667 1602 εν
1713 1536 1877 1624 αὐτῇ
1902 1532 2106 1623 Ῥώμῃ
2137 1535 2598 1621 κατεστήσατο

437 1637 619 1705 πάνυ
664 1637 960 1717 πολλοὺς
1009 1641 1141 1706 τῶν
1199 1642 1633 1724 συνωμοτῶν,
1695 1641 1763 1705 οἳ
1815 1637 1936 1716 τὰς
1991 1637 2270 1704 ἑκάστου
2327 1637 2600 1723 γνώμας

439 1739 820 1826 διήγγελλον
867 1734 1048 1826 αύτῷ
1093 1742 1207 1807 καὶ
1262 1739 1382 1818 τὰς
1442 1740 1798 1827 ἐρωτήσεις
1855 1739 2274 1829 προεμήνυον
2329 1742 2444 1806 καὶ
2503 1734 2601 1807 ῶν

433 1842 732 1927 μάλιστα
778 1841 1099 1931 ἐφίενται,
1146 1838 1238 1921 ῶς
1284 1842 1553 1927 ἕτοιμον
1599 1837 1800 1909 αὐτόν
1845 1841 2021 1927 πρὸς
2049 1841 2171 1919 τὰς
2202 1835 2601 1930 ἀποκρίσεις

435 1947 549 2011 καὶ
595 1947 757 2030 πρὶν
799 1944 981 2033 ἥκειν
1025 1945 1180 2023 τούς
1225 1950 1701 2030 πεμπομένους
1757 1944 2422 2030 καταλαμβάνεσθαι.

332 2053 408 2108 38
613 2051 713 2115 38.
761 2049 899 2114 Καὶ
945 2045 1118 2133 πρὸς
1159 2046 1279 2131 μὲν
1323 2047 1409 2112 τὰ
1467 2046 1536 2113 ἐν
1591 2051 1679 2135 τῇ
1714 2040 1963 2135 Ἰταλίᾳ
2018 2050 2249 2114 ταῦτα.
2337 2048 2451 2114 καὶ
2510 2038 2599 2112 τὰ

433 2152 713 2216 τοιαῦτα
778 2152 1365 2236 προσεμηχανᾶτο·
1434 2149 1702 2236 τελετήν
1764 2173 1839 2215 τε
1904 2148 2032 2236 γάρ
2100 2174 2251 2215 τινα
2318 2154 2596 2237 συνίστη

433 2253 545 2319 καὶ
592 2252 949 2340 δᾳδουχίας
990 2256 1103 2319 καὶ
1150 2252 1615 2339 ἱεροφαντίας,
1685 2255 1886 2338 τριῶν
1931 2250 2081 2341 εξῆς
2126 2244 2231 2318 άεὶ
2277 2252 2598 2337 τελουμέ-

435 2379 566 2421 νων
610 2350 902 2442 ἡμερῶν·
959 2357 1073 2421 καὶ
1118 2352 1186 2420 ἒν
1228 2354 1349 2436 μὲν
1394 2365 1478 2441 τῇ
1521 2353 1755 2471 πρώτη
1802 2353 2174 2443 πρόρρησις
2223 2338 2303 2441 ἦν
2361 2346 2596 2435 ώσπερ

426 2447 771 2573 Ἀθήνησι
812 2455 1122 2544 τοιαύτη·
1168 2455 1306 2537 ,,Εἰ’
1328 2480 1435 2533 τις
1468 2451 1679 2533 α’θεος
1706 2446 1748 2542 ἢ
1779 2454 2193 2541 Χριστιανὸς
2223 2444 2265 2543 ἢ
2287 2447 2598 2522 Ἐπικού-

436 2580 615 2640 ρειος
656 2549 799 2646 ήκει
842 2557 1267 2635 κατάσκοπος
1309 2561 1443 2624 τῶν
1489 2551 1764 2643 ὀργίων,
1826 2563 2156 2645 φευγέτω,
2219 2559 2285 2624 οἱ
2344 2557 2417 2624 δὲ
2473 2583 2596 2623 πι-

436 2659 778 2737 στεύοντες
808 2664 904 2744 τῷ
932 2664 1081 2746 θεῷ
1109 2663 1571 2728 τελείσθωσαν
1613 2661 1770 2748 τύχῃ
1815 2665 1898 2748 τῇ
1940 2655 2176 2748 ἀγαθῇ
2179 2663 2242 2727 .“
2329 2653 2444 2726 εἶτ’
2485 2653 2593 2727 εὖ·

433 2758 568 2837 θῦς
613 2760 680 2827 ἐν
727 2757 891 2849 ἀρχῇ
937 2761 1235 2841 ἐξέλασις
1281 2762 1600 2850 ἐγίγνετο·
1660 2767 1772 2829 καὶ
1830 2759 1864 2830 ὃ
1927 2763 2048 2848 μὲν
2104 2759 2325 2852 ἡγεῖτο
2387 2766 2593 2849 λέγων
2612 2788 2689 2838 245

433 2862 608 2948 ,,ἔξω
664 2864 1188 2949 Χριστιανούς“,
1253 2864 1328 2933 τὸ
1402 2866 1474 2932 δὲ
1540 2868 1812 2954 πλῆθος
1879 2858 2061 2931 ἅπαν
2129 2864 2591 2953 ἐπεφθέγγετο

433 2967 610 3050 ,,ἔξω
654 2960 1211 3054 Ἐπικουρείους.“
1311 2965 1458 3034 εἶτα
1513 2971 1789 3056 Λητοῦς
1847 2966 2133 3053 ἐγίγνετο
2192 2969 2420 3048 λοχεία
2478 2969 2592 3034 καὶ

425 3066 865 3148 ’Λπόλλωνος
921 3073 1115 3156 γοναὶ
1160 3072 1273 3137 καὶ
1315 3071 1706 3156 Κορωνίδος
1748 3069 1960 3156 γάμος
2025 3073 2134 3136 καὶ
2174 3062 2592 3157 Ἀσκληπιὸς

436 3174 758 3240 ἐτίκτετο·
806 3165 875 3238 ἓν
923 3173 996 3238 δὲ
1040 3176 1123 3259 τῇ
1168 3173 1443 3261 δευτέρᾳ
1488 3171 1833 3250 Γλύκωνος
1877 3167 2243 3258 ἐπιφάνεια
2289 3174 2403 3237 καὶ
2445 3176 2591 3257 γέν-

331 3284 407 3340 39
436 3298 623 3364 νησις
666 3278 786 3342 τοῦ
828 3277 1021 3341 θεοῦ.
1113 3278 1214 3340 39.
1260 3280 1450 3362 τρίτῃ
1499 3274 1571 3340 δὲ
1618 3270 1829 3361 ἡμέρα
1859 3273 2314 3358 Ποδαλειρίου
2358 3271 2438 3362 ἦν
2479 3277 2587 3340 καὶ

431 3382 549 3465 τῆς
606 3377 859 3464 μητρὸς
905 3370 1348 3462 Ἀλεξάνδρου
1408 3377 1651 3462 γάμος·
1711 3376 1928 3464 Δᾳδὶς
1992 3376 2064 3442 δὲ
2125 3373 2423 3441 ἐκαλεῖτο
2479 3378 2589 3442 καὶ

436 3479 634 3567 δᾷδες
680 3478 752 3544 δὲ
797 3477 1120 3544 ἐκαίοντο.
1209 3479 1321 3544 καὶ
1363 3480 1744 3555 τελευταῖος
1787 3476 2076 3564 Σελήνης
2122 3479 2232 3542 καὶ
2279 3470 2590 3554 Ἀλεξάν-

434 3580 596 3662 δρου
640 3579 806 3665 ἔρως
849 3582 961 3646 καὶ
1013 3583 1360 3666 τικτομένη
1415 3582 1536 3645 τοῦ
1572 3574 2015 3647 Ῥουτιλιανοῦ
2070 3574 2110 3665 ἡ
2167 3576 2344 3666 γυνή.
2436 3575 2591 3666 ἐδᾳ-

436 3681 658 3765 δούχει
704 3680 776 3747 δὲ
819 3685 931 3748 καὶ
981 3680 1364 3768 ἱεροφάντει
1410 3677 1445 3747 ὃ
1475 3675 1832 3766 Ἐνδυμίων
1854 3675 2316 3764 Ἀλέξανδρος.
2405 3676 2586 3746 καὶὸ

431 3785 554 3871 μὲν
604 3784 957 3851 καθεύδων
1020 3782 1228 3866 δῆθεν
1282 3787 1617 3850 κατέκειτο
1678 3783 1745 3849 ἐν
1803 3786 1900 3868 τῶ
1955 3786 2173 3867 μέσῳ,
2216 3779 2463 3867 ’κατῄει
2522 3782 2591 3848 δὲ

435 3881 538 3953 ἐπ’
593 3881 795 3953 αὖτὸν
842 3881 980 3951 ἀπὸ
1028 3888 1147 3970 τῆς
1191 3879 1448 3972 ὀροφῆς
1493 3881 1584 3963 ώς
1628 3879 1703 3962 ἐξ
1744 3878 2027 3970 ούρανοῦ
2060 3878 2207 3949 ἀντὶ
2236 3886 2353 3968 τῆς
2384 3884 2590 3972 Σελή-

436 4013 551 4074 νης
608 3986 935 4055 Ῥουτιλία
1000 4011 1104 4064 τις
1171 3983 1548 4074 ὡραιοτάτη
1617 3990 1750 4052 τῶν
1811 3993 2154 4071 Καίσαρος
2223 3984 2590 4070 οἰκονόμων
