2800 4500
532 240 614 296 44
1400 237 1774 292 AormANor

532 416 692 497 ραίᾳ
737 409 808 475 δὲ
853 412 962 476 καὶ
1010 409 1076 475 οἱ
1124 404 1316 475 ἄλλοι
1363 408 1768 491 αἰσθόμενοι
1811 411 2143 493 παρῆσαν,
2191 405 2265 473 τὸ
2305 407 2424 491 μὲν
2458 404 2663 484 δεξιὸν

531 517 722 599 κέρας
779 511 1034 594 ἔχοντες
1088 513 1153 578 οἱ
1207 515 1567 597 Ταριχᾶνες
1626 548 1700 558 --
1766 506 1986 595 ἡγεῖτο
2047 511 2118 577 δὲ
2179 505 2395 577 αὐτῶν
2439 509 2664 593 Πήλα-

529 639 654 698 μος
697 653 781 662 -
825 614 900 682 τὸ
952 608 1015 679 δ’
1070 608 1402 697 ευώνυμον
1447 615 1512 679 οἱ
1554 615 2070 699 Θυννοκέφαλοι,
2118 611 2192 679 τὸ
2240 618 2444 697 μέσον
2490 613 2558 678 δὲ
2599 611 2664 677 οἱ

530 716 1068 803 Καρκινόχειρες’
1183 717 1247 783 οἱ
1320 714 1445 803 γὰρ
1521 715 2135 803 Τριτωνομένδητες
2207 715 2325 800 τὴν
2398 711 2665 801 ἡσυχίαν

528 817 687 907 ήγον
734 811 1103 905 οὐδετέροις
1149 833 1511 903 συμμαχεῖν
1549 817 2091 904 προαιρούμενοι.
2181 814 2372 906 ἡμεῖς
2403 818 2474 883 δὲ
2504 841 2666 901 προ-

532 921 1036 1007 απαντήσαντες
1082 916 1308 999 αὐτοῖς
1352 920 1541 1005 παρὰ
1596 921 1670 987 τὸ
1720 920 2181 988 Ποσειδώνιον
2238 919 2666 1004 συνεμίξαμεν

529 1024 747 1110 πολλῇ
787 1027 915 1110 βοῇ
948 1023 1295 1108 χρώμενοι.
1388 1018 1652 1109 ἀντήχει
1683 1023 1754 1089 δὲ
1785 1022 1859 1090 τὸ
1894 1027 2091 1112 κῆτος
2121 1016 2351 1108 ὥσπερ
2382 1020 2465 1088 τὰ
2497 1020 2668 1109 σπή-

533 1128 711 1192 λαια.
797 1126 1207 1211 τρεψάμενοι
1255 1120 1317 1191 δ’
1371 1120 1612 1203 αὐτοὺς
1658 1126 1775 1192 ἅτε
1816 1125 2147 1214 γυμνήτας
2191 1123 2389 1203 ὄντας
2418 1128 2527 1191 καὶ
2556 1151 2669 1190 κα-

531 1226 972 1305 ταδιώξαντες
1017 1227 1083 1306 ἐς
1127 1227 1251 1314 τὴν
1296 1221 1456 1316 ὅλην
1486 1227 1559 1295 τὸ
1598 1226 1840 1295 λοιπὸν
1872 1229 2361 1314 ἐπεκρατοῦμεν
2391 1231 2509 1313 τῆς
2537 1231 2666 1315 γῆς.

443 1333 635 1395 8939.
682 1333 793 1396 καὶ
835 1324 984 1414 μετ’
1038 1325 1113 1397 οῦ
1161 1328 1335 1397 πολὺ
1381 1330 1662 1421 κήρυκας
1707 1325 2228 1410 ἀποστείλαντες
2285 1355 2547 1415 νεκρους
2601 1354 2671 1396 τε

533 1426 892 1518 ἀνηροῦντο
939 1435 1047 1500 καὶ
1094 1435 1254 1518 περὶ
1299 1435 1534 1520 φιλίας
1581 1434 1986 1518 διελέγοντο·
2062 1429 2220 1521 ἡμῖν
2266 1433 2336 1499 δὲ
2384 1429 2499 1500 οῦκ
2529 1432 2671 1499 ἐδό-

529 1561 629 1603 κει
675 1537 1129 1617 σπένδεσθαι,
1192 1531 1361 1602 ἆλλὰ
1407 1541 1489 1623 τῇ
1534 1533 1856 1623 ὑστεραίᾳ
1907 1536 2331 1624 χωρήσαντες
2391 1530 2492 1602 ἐπ’
2560 1534 2672 1601 αῦ-

530 1665 686 1717 τοις
741 1639 1002 1764 πάντας
1060 1633 1265 1725 ἄρδην
1323 1637 1733 1723 ἐξεκόψαμεν
1787 1637 1961 1722 πλὴν
2026 1642 2157 1705 τῶν
2223 1647 2673 1723 Τριτωνομεν-

533 1741 768 1828 δήτων.
859 1736 1045 1807 οὗτοι
1091 1741 1163 1807 δὲ
1209 1737 1299 1818 ὡς
1344 1738 1521 1807 εἶδον
1575 1768 1658 1807 τα
1716 1740 2100 1825 γιγνόμενα,
2162 1740 2554 1826 διαδράντες
2610 1740 2673 1806 ἐκ

530 1847 663 1910 τῶν
690 1849 1022 1928 βραγχίων
1069 1836 1332 1931 ἀφῆκαν
1381 1841 1619 1920 αῦτους
1664 1843 1729 1920 ἐς
1759 1842 1879 1929 τὴν
1910 1844 2281 1912 θάλατταν.
2369 1840 2563 1930 ήμεῖς
2608 1844 2672 1909 δὲ

530 1945 649 2068 τῆν
689 1945 912 2030 χώραν
957 1944 1363 2024 ἐπελθόντες
1409 1946 1653 2035 ε’ρημον
1698 1943 1821 2034 ἤδη
1882 1933 2087 2013 οῦσαν
2144 1950 2277 2013 τῶν
2333 1949 2674 2031 πολεμίων

532 2047 605 2114 τὸ
656 2046 897 2114 λοιπὸν
944 2042 1155 2126 ἀδεῶς
1187 2053 1629 2135 κατωκοῦμεν,
1675 2048 1757 2115 τὰ
1793 2047 2015 2115 πολλὰ
2044 2055 2437 2135 γυμνασίοις
2468 2074 2541 2116 τε
2569 2052 2675 2115 καὶ

531 2157 939 2238 κυνηγεσίοις
978 2151 1308 2236 χρώμενοι
1350 2155 1463 2218 καὶ
1511 2145 2123 2238 ἀμπελουργοῦντες
2181 2154 2292 2219 καὶ
2346 2150 2464 2218 τὸν
2520 2178 2674 2235 καρ-

534 2251 664 2320 πὸν
711 2254 1256 2340 συγκομιζόμενοι
1298 2254 1417 2321 τὸν
1464 2253 1532 2321 ἐκ
1576 2258 1709 2320 τῶν
1756 2255 2061 2339 δένδρων,
2107 2257 2218 2320 καὶ
2257 2247 2429 2331 όλως
2462 2253 2676 2341 ἐῳκει-

528 2381 649 2441 μεν
692 2371 834 2435 τοῖς
880 2356 946 2424 ἐν
994 2358 1423 2483 δεσμωτηρίῳ
1467 2358 1732 2444 μεγάλω
1776 2361 1886 2425 καὶ
1933 2354 2205 2475 άφύκτω
2236 2361 2543 2446 τρυφῶσι
2572 2384 2673 2423 και

534 2461 930 2543 λελυμένοις
1034 2459 1337 2527 ἐνιαυτὸν
1396 2460 1518 2543 μὲν
1577 2456 1691 2527 οὖν
1751 2462 1862 2525 καὶ
1928 2463 2141 2545 μῆνας
2207 2454 2376 2528 ὀκτώ
2444 2465 2675 2528 τοῦτον

444 2562 842 2649 ἑθδιήγομεν
875 2560 990 2628 τὸν
1020 2562 1296 2647 τρόπον.
1384 2570 1486 2630 40.
1519 2566 1614 2648 τῷ
1646 2556 1708 2627 δ’
1750 2561 1961 2649 ἐνάτῳ
1991 2566 2148 2651 μηνὶ
2179 2564 2515 2651 πέμπτῃε
2493 2588 2675 2631 ιστα·

529 2669 728 2747 μένου
775 2666 932 2749 περὶ
976 2661 1095 2749 τὴν
1142 2664 1453 2748 δευτέραν
1499 2667 1618 2729 τοῦ
1675 2663 2010 2748 στόματος
2066 2661 2320 2743 ἄνοιξιν
2365 2704 2437 2713 -
2496 2666 2680 2744 ἅπαξ

528 2766 652 2854 γὰρ
702 2764 779 2854 δὴ
825 2770 1016 2832 τοῦτο
1073 2765 1239 2832 κατὰ
1300 2766 1419 2854 τὴν
1479 2759 1658 2852 ὥραν
1715 2765 1993 2855 εκάστην
2051 2766 2271 2835 ἐποίει
2327 2766 2402 2835 τὸ
2464 2773 2673 2858 κῆτος,

532 2861 705 2934 ω’στε
749 2864 925 2955 ἡμᾶς
967 2867 1140 2954 πρὸς
1181 2867 1304 2946 τὰς
1349 2862 1639 2946 ἀνοίξεις
1682 2875 2168 2955 τεκμαίρεσθαι
2213 2896 2333 2949 τας
2379 2895 2561 2956 ωρας
2601 2885 2749 2938 -102

532 2974 689 3056 περὶ
736 2968 852 3037 οὖν
895 2969 1013 3056 τὴν
1060 2971 1406 3058 δευτέραν,
1456 2964 1685 3053 ω’σπερ
1733 2971 1926 3059 ε’φην,
1982 2968 2264 3054 α’νοιξιν,
2314 2969 2509 3062 άφνω
2553 2974 2673 3060 βοή

528 3099 603 3139 τε
671 3072 888 3162 πολλὴ
957 3075 1069 3140 καὶ
1127 3073 1424 3157 θόρυβος
1480 3067 1754 3160 ἠκούετο
1812 3078 1924 3142 καὶ
1980 3073 2210 3157 ωσπερ
2266 3076 2677 3160 κελεύσματα

528 3180 639 3244 καὶ
698 3176 1015 3260 εἰρεσίαι·
1101 3181 1550 3258 ταραχθέντες
1605 3172 1719 3242 οῦν
1787 3171 2280 3264 ανειρπύσαμεν
2349 3173 2450 3244 ἐπ
2515 3173 2672 3246 αὐτὸ

529 3277 601 3346 τὸ
654 3279 869 3363 στόμα
914 3281 1034 3344 τοῦ
1069 3283 1316 3365 θηρίου
1361 3281 1475 3344 καὶ
1521 3278 1794 3357 στάντες
1839 3277 2161 3365 ἐνδοτέρω
2206 3283 2338 3346 τῶν
2384 3275 2676 3348 όδεντων

529 3384 977 3466 καθεωρῶμεν
1047 3376 1365 3448 ἁπάντων
1433 3374 1525 3448 ὦν
1595 3380 1716 3467 ἐγὼ
1778 3378 1958 3449 εἶδον
2016 3383 2383 3467 θεαμάτων
2455 3409 2676 3468 παρα-

532 3480 909 3562 δοξότατον,
958 3478 1204 3568 α’νδρας
1246 3483 1574 3569 μεγάλους
1619 3476 1779 3550 όσον
1823 3481 2337 3571 ἡμισταδιαίους
2364 3484 2489 3565 τὰς
2530 3483 2677 3573 ἡλι-

527 3590 677 3663 κίας
722 3583 836 3651 ἐπὶ
884 3585 1100 3674 νήσων
1145 3587 1450 3671 μεγάλων
1496 3589 2010 3672 προσπλέοντας
2054 3579 2284 3672 ω’σπερ
2331 3587 2447 3655 ἐπὶ
2491 3614 2676 3677 τριη-

530 3689 682 3771 ρῶν.
787 3683 939 3753 οἶδα
995 3688 1114 3771 μὲν
1174 3684 1289 3755 οῦν
1348 3682 1666 3767 απίστοις
1727 3688 1990 3757 ἐοικότα
2051 3689 2452 3780 ιστορήσων,
2511 3690 2674 3769 λέξω

529 3789 601 3855 δὲ
645 3787 845 3874 ὅμως.

698 3894 921 3980 Νῆσοι
965 3878 1133 3979 ἦσαν
1179 3891 1526 3981 ἐπιμήκεις
1569 3897 1709 3975 μέν,
1758 3887 1833 3958 οῦ
1880 3893 2058 3961 πάνυ
2092 3894 2164 3960 δὲ
2192 3893 2471 3980 ὑψηλαὶ,
2516 3886 2673 3961 ὅσον

529 3990 763 4058 ἑκατὸν
831 3994 1122 4060 σταδίων
1180 3992 1419 4082 ἑκάστη
1478 3992 1551 4059 τὸ
1615 4000 2048 4082 περίμετρον’
2151 3995 2266 4062 ἐπὶ
2325 3989 2391 4060 δ’
2459 3989 2673 4064 αὐτῶν
