2800 4500
401 277 527 338 338
1135 277 1517 332 ADNo‘rATlo
1553 278 1825 331 cm‘rlcs.

402 472 453 515 e.
483 456 577 514 72.
611 455 702 513 De
749 455 975 513 aurium
1021 455 1441 527 oculorumque
1486 452 1895 511 delenimentis
1939 451 2051 511 hoe
2097 453 2288 527 eapite
2316 456 2409 510 ter
2455 468 2557 511 ex·

615 558 845 634 posuit,
906 556 1286 631 quamobrem
1331 573 1484 630 quae
1530 557 1589 613 in
1634 554 1827 614 medio
1877 556 2073 630 posita
2122 562 2259 612 sunt
2298 559 2405 615 καὶ
2449 576 2561 632 κη-

620 653 793 737 λήσει
856 654 957 720 διά
1017 681 1082 720 τε
1139 655 1507 735 ὀφθαλμῶν
1563 662 1670 718 καὶ
1727 654 1928 735 α’κοῆς
1988 656 2361 732 explodenda
2420 660 2561 716 sunt

616 766 792 837 atque
853 761 1003 821 adeo
1062 779 1214 836 quae
1265 765 1592 835 sequuntur
1636 760 1725 820 εἴτ
1745 756 1760 778 '
1805 753 1923 822 οἷν
1967 810 1981 822 .
2031 811 2044 823 .
2095 809 2109 821 .
2171 754 2476 838 πάρεστιν
2522 777 2562 817 a

614 865 1100 939 pantomimorum
1145 867 1270 923 arte
1315 864 1512 922 aliena
1556 861 1844 921 videntur.

407 984 457 1027 e.
490 970 587 1025 74.
617 973 729 1045 τῆς
757 970 873 1042 μὲν
896 973 1106 1045 ψυχῆς
1136 979 1455 1046 προεῖπον
1486 960 1562 1027 τὰ
1595 973 1859 1026 πλεῖστα
1879 959 1900 1045 Ι
1920 968 2098 1043 περὶ
2130 970 2241 1042 τῆς
2265 1014 2278 1026 .
2305 1014 2318 1026 .
2347 1015 2361 1027 .
2391 963 2559 1024 det.

405 1085 454 1129 e.
486 1073 583 1129 75.
616 1065 1028 1131 ἀπίθανον
1057 1064 1077 1149 Ι]
1106 1063 1518 1147 ἀμήχανον
1562 1065 1726 1126 det.

405 1189 457 1231 e.
490 1175 585 1232 76.
619 1171 720 1233 ἐπὶ
763 1177 910 1235 τοῦ
955 1172 1187 1249 παχέος
1216 1165 1236 1251 Ι
1262 1192 1405 1233 του
1451 1168 1612 1229 det.
1669 1202 1749 1212 —
1796 1175 1903 1251 τῷ
1947 1163 2122 1230 πάνυ
2166 1174 2379 1250 λεπτῷ
2424 1168 2564 1230 ἐπε-

615 1267 1030 1357 βόησανβτῳ
1077 1270 1238 1333 det.
1300 1305 1381 1317 —
1427 1277 1862 1348 πεφεῒσθαι
1905 1267 1925 1352 fl
1969 1272 2389 1346 φείδεσθαι
2435 1287 2559 1330 see.

617 1371 677 1442 Ἃ
708 1378 767 1435 et
794 1375 995 1434 Harl.
1043 1376 1144 1450 qui
1188 1374 1411 1434 habent
1455 1380 1728 1450 φεῖσθαι.
1784 1407 1864 1415 -
1910 1368 2000 1446 ὡς
2044 1376 2176 1433 καὶ
2221 1372 2560 1451 ῥυθμίζειν

617 1528 629 1540 .
670 1522 683 1536 .
716 1528 728 1540 .
781 1472 1096 1539 δύνασθαι
1127 1472 1146 1557 [Ι
1174 1495 1299 1537 om.
1345 1481 1477 1538 καὶ
1524 1472 1660 1543 ἋΓ.

407 1596 456 1640 o.
489 1583 585 1639 79.
617 1586 914 1655 τιτᾶνας
940 1575 960 1660 Ι)
988 1586 1203 1654 πᾶνας
1248 1578 1414 1639 det.

410 1701 462 1743 e.
494 1685 590 1742 80.
626 1687 950 1756 σολοικίας
980 1685 1019 1744 δ
1030 1676 1250 1756 εινάς
1281 1681 1349 1743 ἐν
1379 1688 1459 1760 τῇ
1491 1676 1740 1760 ὀρχήσει
1787 1681 2256 1743 ἐπιδείκνυνται
2285 1675 2304 1760 fl
2331 1674 2564 1753 τινὰς

626 1782 685 1854 ⁵21
735 1818 812 1829 -
859 1781 972 1859 τὰς
1002 1781 1123 1864 γὰρ
1154 1779 1305 1859 Διὸς
1349 1779 1548 1861 γονὰς
1594 1778 1988 1862 ὀρχούμενός
2031 1807 2127 1859 τις
2157 1787 2264 1845 καὶ
2292 1777 2409 1862 τὴν
2438 1788 2565 1844 τοῦ

625 1882 887 1966 Κρόνου
918 1892 1349 1965 τεκνοφαγίαν
1377 1899 1779 1965 παρωρχεῖτο
1804 1889 1925 1946 καὶ
1949 1881 2063 1960 τὰς
2093 1887 2377 1949 Θυέστου
2410 1900 2568 1958 συμ-

621 1985 828 2069 φορὰς
867 1983 887 2069 ΙΙ
925 2006 1036 2049 om.
1083 1993 1215 2050 καὶ
1266 1985 1399 2056 ἋΓ
1432 1988 1639 2047 Harl.
1699 2006 1757 2066 ‚a
1801 2005 1864 2047 re
1918 1989 2225 2063 proposita
2278 1987 2567 2045 aberrans

621 2092 1096 2170 (παρωρχεῖτο)
1141 2108 1250 2166 pro
1281 2089 1533 2150 Saturno
1578 2090 1888 2149 saltatione
1937 2090 2231 2165 expressit
2257 2086 2566 2162 Thyestae

624 2191 869 2269 epulas.'
959 2192 1047 2254 Of.
1091 2197 1706 2273 παρυποκρίνεσθαι.
1780 2191 1914 2251 Vol.
1946 2191 1975 2250 1
2018 2192 2086 2251 P.
2119 2191 2178 2250 H
2219 2209 2278 2267 p.
2310 2190 2383 2249 L.

414 2313 463 2355 e.
496 2299 592 2357 83.
625 2303 745 2358 τοῦ
793 2293 1131 2371 Ὀδυσσέως
1176 2299 1451 2375 πλησίον
1496 2294 1771 2369 ἑστῶτος
1799 2291 1821 2377 ΙΙ
1848 2290 1950 2369 ὡς
1984 2301 2106 2358 τοῦ
2155 2292 2256 2359 '0‹5.
2295 2301 2398 2357 πλ.
2436 2294 2560 2357 ἐστ.

626 2400 937 2458 eratenim
981 2398 1199 2457 tibicen
1231 2399 1330 2473 qui
1359 2415 1549 2474 prope
1595 2396 1804 2475 stabat,
1849 2398 2150 2457 insaniens
2195 2401 2391 2457 autem
2438 2414 2568 2456 ere-

630 2502 807 2562 debat
852 2519 985 2561 eum
1031 2518 1164 2561 esse
1196 2500 1476 2578 -Ulixem3
1526 2518 1708 2576 quare
1754 2500 1954 2559 addidi
1998 2496 2101 2575 ὡς.

414 2625 465 2668 e.
494 2609 592 2667 83.
624 2610 754 2669 καὶ
800 2601 1083 2685 α’κριβῶς
1128 2600 1408 2684 ὁρῶντες
1438 2598 1458 2684 ΙΙ
1485 2609 1757 2666 καίτοι
1802 2602 1963 2663 det.
1999 2601 2299 2678 ‘quamvis
2317 2599 2348 2661 ³.

1197 2889 1774 2956 LEXIPHANES.

796 3082 864 3141 In
907 3083 1146 3159 paucis,
1208 3083 1310 3157 qui
1353 3083 1427 3142 de
1472 3081 1586 3142 hoe
1635 3082 2039 3157 spinosissimo
2084 3080 2322 3157 dialogo
2371 3096 2569 3139 emen·

627 3185 820 3246 dando
865 3185 1018 3246 bene
1064 3186 1201 3245 olim
1259 3186 1450 3245 meriti
1493 3188 1655 3262 sunt,
1711 3184 2098 3243 nominandus
2147 3186 2238 3243 est
2280 3183 2372 3241 vir
2427 3181 2569 3241 doe·

625 3289 882 3348 tissimus
937 3285 1124 3347 Seiler
1181 3287 1240 3344 in
1286 3286 1481 3364 „Aeta
1536 3286 1833 3345 societatis
1877 3280 2250 3360 Lipsiensis“
2294 3284 2323 3342 I
2386 3286 2568 3343 1836.

628 3405 687 3465 p.
715 3392 833 3449 287
867 3405 998 3463 sqq.
1046 3389 1207 3447 euius
1241 3386 1679 3447 emendationes
1719 3385 1849 3447 fere
1880 3404 2082 3446 omnes
2112 3385 2462 3445 Iaeobitzius
2504 3386 2571 3442 in

631 3489 944 3550 editionem
981 3488 1460 3550 Teubnerianam
1503 3491 1818 3549 transtulit.

462 3611 511 3652 e.
545 3596 594 3653 1.
630 3591 909 3668 ἔδοξας
939 3592 1145 3669 λέγειν
1175 3585 1193 3671 ΙΙ
1224 3586 1461 3667 ἐδόκεις
1484 3588 1766 3667 Kaibel*)
1799 3609 1873 3650 ex
1904 3592 2112 3665 δοκεῖς
2135 3582 2203 3648 Ω
2234 3621 2317 3632 —
2349 3585 2570 3668 ὀρθῶς

630 3690 913 3772 α’νέγνως
937 3688 956 3772 ΙΙ
979 3693 1306 3753 Dicendum
1332 3698 1460 3754 erat
1490 3689 1693 3773 ἔγνως
1723 3721 1807 3743 =
1825 3689 2117 3771 ‘nov-ists,
2148 3691 2308 3767 quod
2337 3707 2572 3751 eorrec-

629 3800 749 3856 tum
790 3799 878 3856 est
908 3797 1040 3871 ipsa
1068 3795 1281 3871 Lycini
1310 3797 1697 3873 responsione
1729 3793 1977 3860 ου’κοῦν
2009 3791 2194 3872 ὀλίγα
2221 3816 2333 3869 μοι
2364 3788 2574 3855 αὐτοῦ

592 3961 641 4024 *)
688 3959 793 4028 Qui
841 3960 1232 4028 gratiosissime
1282 3977 1413 4016 suas
1459 3960 1590 4015 mihi
1637 3962 1708 4016 ad
1742 3961 2119 4030 Lexiphanem
2164 3957 2578 4015 emendationes

428 4045 666 4100 edendas
703 4044 985 4101 commisit.
