2800 4500
892 242 1197 296 ΑΛΗΘΟΥΣ
1230 242 1526 297 mmmm:
1559 244 1617 297 A.
2247 242 2330 303 39

202 407 588 496 Ἱππόγυποι
648 405 1193 501 ἀπεληλύθεσαν·
1253 413 1661 493 πλεύσαντες
1719 415 1791 482 δὲ
1834 414 1952 504 τὴν
2006 413 2329 482 ἐπιοῦσαν

204 513 375 579 νύκτα
416 516 531 581 καὶ
574 510 825 603 ἡμέραν
860 520 1020 602 περὶ
1057 513 1348 602 ἑσπέραν
1390 508 1787 602 ἀφικόμεθα
1819 514 1885 594 ἐς
1914 515 2031 603 τὴν
2060 517 2329 600 Λυχνό-

204 616 379 681 πολιν
420 616 831 706 καλουμένην
874 614 998 705 ἤδη
1044 616 1160 684 τὸν
1203 617 1384 684 κάτω
1441 619 1654 685 πλοῦν
1710 617 2079 697 διώκοντες.
2168 615 2207 706 ἡ
2257 620 2327 685 δὲ

202 717 377 795 πόλις
421 710 586 806 αῦτη
633 732 845 787 κεῖται
888 718 1135 802 μεταξὺ
1190 723 1309 787 τοῦ
1354 717 1711 786 Πλειάδων
1753 720 1866 785 καὶ
1908 724 2028 786 τοῦ
2066 714 2327 787 (Υάδων

202 812 401 904 ἀέρος,
469 824 916 907 ταπεινοτέρα
979 825 1210 906 μέντοι
1266 820 1443 888 πολὺ
1502 824 1621 888 τοῦ
1677 821 2048 889 Ζωδιακοῦ.
2150 815 2326 888 ἀπο·

199 920 411 1005 βάντες
476 921 550 987 δὲ
618 917 990 1009 ἄνθρωπον
1055 923 1175 1006 μὲν
1243 916 1480 990 οῦδὲνα
1547 915 1852 1009 εῦρομεν,
1922 922 2189 1006 λύχνους
2256 923 2328 989 δὲ

202 1030 630 1110 περιθέοντας
673 1028 784 1093 καὶ
829 1023 896 1091 ἐν
940 1028 1022 1112 τῇ
1076 1018 1287 1113 ἀγορᾷ
1329 1028 1441 1092 καὶ
1495 1028 1653 1108 περὶ
1708 1023 1825 1092 τὸν
1882 1027 2115 1109 λιμένα
2175 1025 2323 1092 δια-

201 1131 549 1210 τρίβοντας,
593 1125 751 1204 τοὺς
792 1126 914 1209 μὲν
956 1126 1231 1213 μικροὺς
1272 1129 1383 1194 καὶ
1431 1123 1523 1204 ῶς
1567 1127 1734 1204 ἔπος
1778 1126 1995 1194 εἰπεῖν
2041 1131 2330 1216 πένητας

200 1228 507 1310 πολλούς,
575 1222 839 1314 ὀλίγους
906 1229 978 1295 δὲ
1041 1232 1175 1296 τῶν
1239 1228 1544 1316 μεγάλων
1609 1232 1719 1297 καὶ
1789 1230 2085 1297 δυνατῶν
2150 1227 2329 1296 πάνυ

200 1328 526 1413 λαμπροὺς
547 1333 660 1398 καὶ
692 1342 1110 1419 περιφανεῖς.
1171 1329 1464 1417 οἰκήσεις
1486 1331 1559 1398 δὲ
1583 1325 1811 1410 αὐτοῖς
1839 1333 1948 1398 καὶ
1981 1331 2331 1414 λυχνεῶνες

199 1430 323 1520 ἰδίᾳ
364 1431 624 1518 ἑκάστῳ
670 1437 1064 1520 πεποίηντο,
1110 1435 1219 1499 καὶ
1269 1427 1459 1500 αὐτοὶ
1503 1427 1805 1517 ὀνόματα
1851 1430 2055 1517 εἶχον,
2102 1430 2330 1517 ῶσπερ

196 1535 251 1598 οἱ
292 1529 687 1622 ἅνθρωποι,
742 1536 854 1600 καὶ
901 1532 1130 1622 φωνὴν
1182 1539 1598 1618 προϊεμένων
1652 1529 2003 1625 ἠκούομεν,
2062 1537 2171 1600 καὶ
2218 1527 2332 1600 οῦ-

196 1636 292 1702 δὲν
331 1631 508 1725 ἡμᾶς
550 1630 854 1725 ἠδίκουν,
901 1634 1071 1703 ἀλλὰ
1116 1638 1229 1702 καὶ
1274 1635 1389 1703 ἐπὶ
1437 1635 1620 1714 ξένια
1664 1635 1970 1705 ἐκάλουν·
2023 1632 2214 1723 ἡμεῖς
2260 1636 2332 1702 δὲ

195 1730 362 1821 ὅμως
406 1738 877 1826 ἐφοβούμεθα,
922 1741 1036 1805 καὶ
1079 1734 1233 1806 οὕτε
1276 1738 1637 1828 δειπνῆσαι
1683 1734 1833 1806 οὔτε
1875 1734 2188 1806 ὖπνῶσαί
2229 1761 2334 1815 τις

134 1836 365 1926 θ’ὶῆμῶν
410 1839 793 1929 ἐτόλμησεν.
883 1833 1115 1924 ἀρχεῖα
1161 1840 1233 1906 δὲ
1267 1833 1493 1918 αὐτοῖς
1524 1837 1591 1907 ἐν
1620 1834 1790 1928 μέσῃ
1834 1844 1917 1928 τῇ
1962 1839 2162 1907 πόλει
2208 1864 2332 1906 πε-

193 1949 496 2032 ποίηται,
556 1943 727 2010 ἔνθα
770 1938 805 2010 o‘
855 1937 1072 2026 ἅρχων
1125 1935 1343 2008 αὐτῶν
1403 1940 1515 2008 διὰ
1562 1940 1792 2019 νυκτὸς
1835 1935 1994 2031 ὅλης
2037 1936 2335 2030 κάθηται

193 2037 510 2128 ὀνομαστὶ
551 2046 770 2111 καλῶν
827 2042 1130 2111 ἕκαστον·
1189 2042 1264 2122 ὃς
1311 2037 1376 2109 δ’
1433 2034 1512 2110 ἀν
1554 2043 1645 2133 μὴ
1688 2039 2067 2132 ὑπακούσῃ,
2129 2069 2334 2110 κατα-

195 2145 520 2226 δικάζεται
566 2140 946 2214 ἀποθανεῖν
990 2141 1083 2224 ῶς
1127 2144 1347 2213 λιπῶν
1390 2144 1510 2235 τὴν
1553 2146 1772 2225 τάξιν·
1830 2142 1867 2214 ὃ
1918 2147 1989 2212 δὲ
2034 2145 2336 2222 θάνατός

197 2243 326 2316 ἐστι
370 2252 768 2334 σβεσθῆναι.
856 2252 1283 2334 παρεστῶτες
1328 2250 1399 2316 δὲ
1437 2244 1629 2336 ἡμεῖς
1674 2247 1982 2335 ἑωρῶμεν
2023 2246 2109 2314 τὰ
2152 2247 2334 2334 γινό-

196 2374 347 2430 μενα
388 2354 502 2417 καὶ
547 2344 874 2440 ἠκούομεν
926 2343 1067 2433 ἅμα
1122 2354 1259 2417 τῶν
1317 2350 1562 2433 λύχνων
1624 2344 2179 2436 ἀπολογουμένων
2222 2351 2335 2415 καὶ

197 2451 304 2530 τὰς
334 2452 559 2531 αἰτίας
604 2452 930 2539 λεγόντων
962 2445 1055 2518 δι’
1109 2450 1189 2530 ἃς
1220 2451 1604 2539 ἐβράδυνον.
1679 2451 1851 2519 ἔνθα
1880 2453 1992 2518 καὶ
2021 2449 2138 2518 τὸν
2168 2445 2334 2539 ἡμέ-

198 2578 374 2640 τερον
430 2555 663 2637 λύχνον
723 2554 1051 2642 ἐγνώρισα
1104 2555 1216 2620 καὶ
1273 2553 1669 2638 προσειπών
1728 2547 1929 2621 αὐτὸν
1985 2554 2145 2637 περὶ
2202 2554 2336 2618 τῶν

198 2654 331 2721 κατ’
399 2653 581 2724 οἶκον
634 2655 1112 2745 ἐπυνθανόμην
1168 2647 1358 2734 ὅπως
1404 2654 1643 2737 ἔχοιεν·
1700 2651 1735 2723 ὃ
1784 2654 1858 2722 δέ
1903 2680 2021 2740 μοι
2067 2646 2336 2720 ἅπαντα

200 2754 401 2824 ἐκεῖνα
447 2759 829 2849 διηγήσατο.
916 2757 1036 2844 τὴν
1065 2759 1186 2844 μὲν
1218 2743 1332 2824 οῦν
1371 2756 1569 2823 νύκτα
1615 2756 1863 2846 ἐκείνην
1909 2749 2113 2823 αὐτοῦ
2157 2754 2337 2840 ἐμεί-

200 2883 406 2942 ναμεν,
451 2864 533 2948 τῇ
566 2861 637 2927 δὲ
686 2860 967 2949 ἐπιούσῃ
1014 2856 1294 2946 ἀραντες
1337 2858 1659 2943 ἐπλέομεν
1701 2853 1826 2946 ἤδη
1873 2859 2163 2945 πλησίον
2205 2861 2337 2923 τῶν

202 2964 436 3048 νεφῶν·
495 2962 669 3030 ἔνθα
715 2962 792 3049 δὴ
838 2965 951 3029 καὶ
993 2961 1113 3050 τὴν
1157 2962 1773 3049 Νεφελοκοκκυγίαν
1827 2953 2031 3027 πόλιν
2083 2959 2339 3036 ἰδόντες

203 3058 670 3150 ἐθαυμάσαμεν
682 3117 701 3146 ,
760 3058 836 3131 οὗ
879 3064 1110 3149 μέντοι
1153 3063 1482 3151 ἐπέβημεν
1524 3055 1759 3149 αὐτῆς·
1816 3054 1892 3128 οὗ
1936 3059 2061 3147 γὰρ
2107 3059 2215 3126 ε’ία
2258 3058 2335 3125 τὸ

203 3169 471 3249 πνεῦμα.
574 3166 954 3250 βασιλεύειν
1018 3164 1249 3250 μέντοι
1317 3159 1534 3231 αὐτῶν
1597 3161 1853 3249 ἐλέγετο
1919 3159 2235 3246 Κόρωνος
2301 3156 2336 3226 ὅ

205 3271 687 3356 Κοττυφίωνος.
803 3270 916 3336 καὶ
1004 3266 1128 3353 ἐγώ
1218 3266 1557 3356 ἐμνήσθην
1622 3259 2154 3352 Ἀριστοφάνους
2222 3264 2343 3327 τοῦ

206 3374 506 3458 ποιητοῦ,
570 3368 809 3457 ἀνδρὸς
867 3372 1085 3458 σοφοῦ
1126 3371 1239 3437 καὶ
1295 3362 1596 3455 ἀληθοῦς
1649 3368 1762 3433 καὶ
1816 3363 2031 3453 μάτην
2076 3356 2189 3450 ἐφ’
2241 3362 2343 3442 οἷς

206 3468 478 3557 ἔγραψεν
526 3465 1042 3556 ἀπιστουμένου.
1128 3475 1318 3559 τρίτῃ
1366 3470 1439 3537 δὲ
1485 3463 1622 3535 ἀπὸ
1671 3465 1914 3554 ταύτης
1972 3460 2188 3555 ἡμέρᾳ
2230 3469 2340 3532 καὶ

207 3570 312 3638 τὸν
354 3567 641 3641 ὠκεανὸν
682 3570 808 3662 ἤδη
857 3576 1093 3661 σαφῶς
1137 3572 1479 3659 ἑωρῶμεν,
1522 3573 1640 3656 γῆν
1686 3569 1758 3635 δὲ
1801 3561 2115 3653 οὐδαμοῦ,
2168 3561 2344 3657 πλήν

209 3697 272 3755 γε
297 3679 423 3744 τῶν
455 3675 523 3744 ἐν
551 3679 650 3762 τῷ
684 3669 862 3762 ἀέρι·
908 3677 1017 3741 καὶ
1051 3669 1252 3741 αὐταὶ
1283 3675 1355 3741 δὲ
1387 3671 1721 3758 πυρώδεις
1750 3666 1874 3759 ἤδη
1908 3672 2016 3736 καὶ
2049 3665 2345 3754 ὑπεραυ-

208 3787 332 3856 γεῖς
384 3777 850 3865 ἐφαντάζοντο.
936 3780 1019 3864 τῇ
1063 3777 1134 3843 δὲ
1183 3775 1464 3863 τετάρτῃ
1524 3776 1684 3854 περὶ
1739 3776 2155 3861 μεσημβρίαν
2213 3796 2346 3854 μα-

214 3876 408 3956 λακῶς
472 3878 847 3957 ἐνδιδόντος
898 3882 1020 3946 ,τοῦ
1078 3878 1459 3963 πνεύματος
1521 3877 1631 3941 καὶ
1701 3873 2160 3953 συνιζάνοντος
2227 3869 2348 3939 ἐπῖ

212 3973 322 4042 τίν
363 3980 707 4048 θάλατταν
749 3980 1218 4070 κατετέθημεν.
1310 3985 1414 4048 30.
1460 3972 1550 4056 ὡς
1581 3976 1653 4043 δὲ
1682 3978 1800 4042 τοῦ
1842 3968 2086 4051 ῦδατος
2130 3972 2345 4058 ἐψαύ-
2370 3988 2448 4046 80
