2800 4500
508 221 587 280 68
1388 223 1672 277 ΔΟΥΚΙΑΝ
1676 223 1761 276 ΟΥ

502 395 614 460 καὶ
657 393 899 478 ὕβρεις,
947 392 1173 459 πάντα
1208 396 1420 459 ταῦτα
1449 393 1841 483 τολμήματα
1874 379 1952 480 ἧν
1983 394 2269 461 νεανικά.
2361 391 2397 461 ὃ
2444 401 2642 481 γέρων

505 494 576 561 δὲ
623 494 868 571 ἐκεῖνος
911 488 1270 583 ἠκολούθει
1313 498 1425 561 καὶ
1473 494 1807 582 συνηδίκει
1848 498 1959 562 καὶ
2014 495 2247 583 ἐπῄνει
2302 495 2511 579 μόνον
2567 496 2640 563 τὰ

499 601 618 663 τοῦ
668 597 920 675 παιδὸς
982 592 1388 687 ἀδικήματα,
1448 601 1561 663 καὶ
1617 597 1692 663 τὸ
1754 602 2032 684 πρᾶγμα
2089 595 2247 688 ἡμῖν
2308 592 2641 687 ἀφόρητον

498 701 962 789 καθειστήκει·
1021 701 1183 767 ὅταν
1227 699 1352 787 γὰρ
1400 702 1472 768 αἱ
1515 705 1633 786 τῆς
1674 701 1937 788 γνώμης
1982 700 2351 785 ἐπιθυμίαι
2406 703 2528 788 τὴν
2585 704 2643 771 ἐκ

499 806 617 888 τῆς
669 796 870 892 ἀρχῆς
927 802 1232 881 ἐξουσίαν
1290 803 1801 888 προσλάβωσιν,
1862 798 2099 870 οὐδένα
2155 796 2313 890 ὅρον
2371 810 2643 873 ποιοῦν-

428 919 466 974 6
501 931 615 972 ται
657 909 789 971 τῶν
837 898 1280 993 ἀδικημάτων.
1371 912 1430 973 6.
1474 907 1770 990 μάλιστα
1801 906 1872 972 δὲ
1904 906 2112 973 ἐκεῖνο
2146 905 2396 987 ἐλύπει,
2442 907 2521 975 τὸ
2556 909 2642 975 εἰ-

500 1009 685 1075 δέναι
728 1008 1017 1093 μακράν,
1079 1010 1333 1091 μᾶλλον
1381 1010 1453 1075 δὲ
1511 1003 1731 1076 ἀΐδιον
1786 1007 1906 1098 τὴν
1964 1009 2271 1075 δουλείαν
2328 1008 2641 1099 ἐσομένην

495 1114 607 1178 καὶ
655 1109 724 1176 ἐκ
768 1110 1077 1198 διαδοχῆς
1121 1112 1778 1200 παραδοθησομένην
1820 1110 1940 1198 τὴν
1984 1111 2187 1179 πόλιν
2241 1107 2484 1179 ἄλλοτε
2531 1109 2641 1180 ἅλ-

498 1215 592 1299 λῳ
639 1213 933 1300 δεσπότῃ
980 1216 1090 1279 καὶ
1138 1218 1448 1301 πονηρῶν
1503 1212 1973 1302 κληρονόμημα
2031 1214 2474 1301 γενησόμενον
2530 1215 2641 1283 τὸν

498 1316 738 1405 δῆμον·
786 1313 878 1394 ὡς
921 1330 1065 1393 τοῖς
1106 1341 1179 1402 γε
1224 1313 1454 1394 ἄλλοις
1492 1310 1566 1383 οὗ
1598 1318 1799 1401 μικρά
1827 1342 1932 1395 τις
1962 1316 2160 1394 ἐλπὶς
2193 1314 2374 1405 αὕτη,
2420 1318 2497 1384 τὸ
2535 1322 2641 1385 λο-

492 1417 805 1504 γίζεσθαι
847 1423 954 1484 καὶ
1012 1417 1187 1500 πρὸς
1246 1415 1485 1496 αὖτοὺς
1542 1419 1784 1505 λέγειν,
1840 1413 2038 1500 ,,ἀλλ’
2100 1415 2223 1509 ἤδη
2286 1420 2641 1503 παύσεται,

496 1514 644 1586 ἀλλ’
697 1517 819 1610 ἤδη
868 1521 1262 1608 τεθνήξεται
1305 1524 1419 1588 καὶ
1477 1515 1622 1604 μετ’
1688 1516 1911 1607 ὀλίγον
1964 1520 2312 1608 ἐλεύθεροι
2368 1526 2643 1611 γενησό-

492 1628 742 1706 μεθα.“
839 1618 950 1690 ἐπ’
1017 1623 1283 1691 ἐκείνων
1341 1625 1414 1690 δὲ
1473 1623 1664 1690 οὐδὲν
1717 1628 2021 1691 τοιοῦτον
2072 1618 2423 1713 ἠλπίζετο,
2487 1620 2636 1693 ἀλλ’

493 1725 802 1811 ἑωρῶμεν
846 1723 970 1815 ἤδη
1018 1726 1284 1809 ἕτοιμον
1328 1725 1445 1794 τὸν
1489 1730 1607 1815 τῆς
1643 1720 1841 1817 ἀρχῆς
1872 1726 2201 1809 διάδοχον.
2289 1733 2642 1815 τοιγαροῦν

494 1821 639 1894 οὐδ’
707 1828 1067 1915 ἐπιχειρεῖν
1125 1855 1229 1907 τις
1289 1824 1538 1911 ἐτόλμα
1593 1833 1727 1895 τῶν
1781 1833 2090 1916 γεννικῶν
2154 1832 2267 1897 καὶ
2319 1829 2404 1897 τὰ
2471 1825 2641 1898 αὐτὰ

493 1930 641 2015 ἐμοὶ
685 1937 1251 2017 προαιρουμένων,
1300 1925 1456 1997 ἀλλ’
1496 1925 1884 2018 ἀπέγνωστο
1917 1932 2353 1999 παντάπασιν
2384 1929 2423 2023 ἦ
2460 1932 2640 2001 ἐλευ-
2658 1950 2717 1998 145

491 2037 696 2118 θερία
738 2036 849 2100 καὶ
897 2030 1149 2117 ἄμαχος
1192 2031 1230 2122 ἡ
1277 2037 1585 2120 τυραννὶς
1629 2033 1844 2100 ἐδόκει
1888 2033 2062 2118 πρὸς
2097 2034 2460 2114 τοσούτους
2491 2030 2642 2103 ἐσο-

423 2154 454 2208 ‘7
488 2140 689 2223 μένης
732 2141 849 2225 τῆς
886 2135 1379 2226 ἐπιχειρήσεως.
1474 2144 1531 2203 7.
1581 2130 1729 2202 ἀλλ’
1769 2131 1884 2202 οὐκ
1916 2131 2031 2220 ἐμὲ
2061 2141 2272 2203 ταῦτα
2305 2131 2640 2228 ἐφόβησεν

489 2231 641 2306 οὐδὲ
698 2239 774 2307 τὸ
845 2241 1148 2327 δυσχερὲς
1214 2243 1331 2328 τῆς
1395 2239 1705 2327 πράξεως
1771 2239 2205 2326 λογισάμενος
2271 2234 2640 2332 ἀπώκνησα

489 2335 642 2408 οὐδὲ
699 2342 872 2427 πρὸς
926 2342 1044 2410 τὸν
1101 2343 1402 2410 κίνδυνον
1461 2340 1939 2423 ἀπεδειλίασα,
2006 2342 2211 2425 μόνος
2268 2344 2372 2424 δέ,
2431 2346 2640 2429 μόνος

487 2444 663 2528 πρὸς
719 2439 928 2523 οὕτως
987 2444 1258 2531 ἰσχυρὰν
1316 2447 1429 2510 καὶ
1488 2443 1742 2529 πολλὴν
1797 2445 2185 2530 τυραννίδα,
2243 2448 2506 2530 μᾶλλον
2565 2450 2637 2516 δὲ

487 2541 562 2613 οὗ
607 2548 841 2630 μόνος,
898 2543 1067 2615 ἀλλὰ
1113 2547 1280 2631 μετὰ
1326 2551 1446 2613 τοῦ
1493 2547 1729 2635 ξίφους
1774 2540 1999 2634 ἀνῄειν
2044 2552 2160 2615 τοῦ
2205 2572 2637 2640 συμμεμαχη-

484 2655 684 2732 μένου
729 2654 842 2717 καὶ
884 2649 958 2716 τὸ
993 2655 1193 2736 μέρος
1239 2649 2121 2737 συντετυραννοκτονηκότος,
2173 2650 2308 2739 πρὸ
2355 2645 2636 2740 ὀφθαλ-

484 2756 627 2836 μῶν
678 2754 798 2836 μὲν
856 2751 973 2841 τήν
1029 2751 1337 2838 τελευτὴν
1395 2751 1588 2834 ἔχων,
1650 2745 2099 2835 ἀλλαξόμενος
2161 2753 2233 2819 δὲ
2283 2747 2471 2837 ὅμως
2514 2755 2636 2844 τὴν

484 2853 706 2943 κοινὴν
750 2850 1141 2939 ἐλευθερίαν
1184 2857 1301 2940 τῆς
1347 2857 1606 2943 σφαγῆς
1648 2857 1767 2942 τῆς
1823 2847 2002 2942 ἐμῆς.
2093 2847 2375 2938 ἐντυχών
2433 2857 2509 2924 δὲ
2555 2862 2638 2945 τᾷ*

483 2957 716 3045 πρώτῃ
764 2960 1027 3046 φρουρᾷ
1064 2958 1178 3023 καὶ
1220 2955 1640 3041 τρεψάμενος
1686 2949 1760 3021 οὗ
1810 2956 2069 3045 ῥᾳδίως
2123 2956 2277 3035 τοὺς
2333 2959 2634 3047 δορυφό-

482 3085 635 3144 ρους
678 3064 791 3127 καὶ
836 3058 950 3126 τὸν
996 3055 1472 3145 ἐντυγχάνοντα
1513 3063 1787 3125 κτείνων
1830 3063 1944 3126 καὶ
1995 3059 2069 3126 τὸ
2133 3054 2633 3145 ἀνθιστάμενον

481 3166 620 3229 πᾶν
666 3163 1092 3251 διαφθείρων
1137 3159 1254 3228 ἐπὶ
1296 3160 1372 3229 τὸ
1421 3160 1787 3249 κεφάλαιον
1822 3155 1980 3228 αὐτὸ
2014 3166 2147 3229 τῶν
2179 3162 2384 3249 ἔργων
2419 3166 2631 3253 ἱέμην,

482 3265 603 3333 ἐπὶ
647 3263 767 3352 τὴν
811 3264 1019 3351 μόνην
1062 3267 1182 3352 τῆς
1224 3264 1615 3348 τυραννίδος
1660 3261 1876 3346 ἰσχύν,
1938 3262 2053 3330 ἐπὶ
2111 3262 2230 3350 τὴν
2287 3261 2633 3336 ὗπόθεσιν

478 3371 611 3434 τῶν
655 3362 990 3456 ἡμετέρων
1044 3370 1438 3455 συμφορῶν·
1500 3367 1610 3431 καὶ
1665 3358 1950 3443 ἐπιστὰς
2004 3369 2102 3453 τῷ
2154 3369 2271 3456 τῆς
2328 3361 2633 3456 ἀκροπό-

480 3470 646 3546 λεως
692 3475 993 3556 φρουρίῳ
1037 3472 1149 3535 καὶ
1195 3467 1356 3534 ἰδὼν
1412 3470 1720 3553 γεννικῶς
1784 3461 2194 3552 ἀμυνόμενον
2252 3471 2360 3535 καὶ
2426 3456 2631 3538 ἀνθι-

409 3585 445 3639 8
484 3570 809 3655 στάμενον
853 3571 1133 3649 πολλοῖς
1173 3569 1546 3657 τραύμασιν
1603 3564 1786 3652 όμως
1844 3568 2219 3638 ἀπέκτεινα.
2312 3574 2371 3638 8.
2419 3576 2535 3642 καὶ
2589 3568 2630 3662 ἡ

478 3673 597 3755 μὲν
641 3675 948 3758 τυραννὶς
992 3669 1115 3761 ἤδη
1162 3673 1509 3762 καθῄρητο
1552 3676 1663 3739 καὶ
1707 3679 1920 3757 πέρας
1972 3671 2101 3758 εἶχέ
2155 3700 2274 3759 μοι
2332 3674 2409 3743 τὸ
2472 3672 2630 3744 τόλ-

475 3793 695 3862 μημα,
753 3777 866 3842 καὶ
908 3774 982 3841 τὸ
1032 3769 1155 3842 ἀπ’
1207 3769 1457 3843 ἐκείνου
1504 3774 1753 3853 πάντες
1794 3761 1957 3863 ἦμεν
2017 3771 2393 3864 ἐλεύθεροι,
2455 3772 2630 3846 ἐλεί-

478 3902 643 3944 πετο
691 3879 763 3945 δὲ
807 3875 841 3945 ὅ
889 3883 1097 3965 γέρων
1141 3878 1241 3944 ἔτι
1285 3877 1508 3961 μόνος,
1557 3874 1884 3960 ἄνοπλος,
1948 3875 2427 3968 ἀποβεβληκὼς
2470 3881 2627 3961 τοὺς

478 3980 808 4066 φύλακας,
877 3975 1323 4057 ἀπολωλεκώς
1387 3978 1506 4045 τὸν
1561 3980 1766 4066 μέγαν
1825 3975 2069 4049 ἐκεῖνον
2128 3978 2367 4050 ἑαυτοῦ
2428 3985 2626 4072 δορυ-
