2800 4500
373 246 493 304 132
1254 245 1630 299 ΑΟΥΚΙΑΝΟΥ

372 410 594 483 αὐτοῦ.
640 419 991 503 τοιγαροῦν
1033 415 1153 503 τὴν
1168 411 1381 483 Ἴλιον
1424 421 1592 493 τέως
1638 410 1982 481 ἀνάλωτον
2025 400 2230 481 οῦσαν
2274 409 2316 503 ἡ
2350 411 2525 481 ἐκεί-

270 529 343 583 10
370 547 482 588 νου
516 515 864 608 ὀρχηστικὴ
898 521 1176 586 καθεῖλε
1205 522 1316 586 καὶ
1351 519 1449 598 εἷς
1478 518 1731 608 ἔδαφος
1759 523 2145 604 κατέρριψε.
2211 524 2311 584 10.
2358 525 2525 583 Λα-

366 623 782 708 κεδαιμόνιοι
823 623 945 706 μὲν
1003 618 1271 708 ὄριστοι
1307 618 1639 708 Ἑλλήνων
1697 618 1869 688 εἶναι
1928 622 2273 698 δοκοῦντες
2328 618 2525 707 παρά

367 725 828 803 Πολυδεύκους
869 728 983 793 καὶ
1027 725 1377 808 Κάστορος
1425 724 1841 809 καρυατίζειν
1892 723 2233 807 μαθόντες
2277 760 2360 772 -
2403 716 2525 809 όρ-

361 829 619 916 χήσεως
678 828 751 895 δὲ
806 831 916 895 καὶ
974 831 1169 894 τοῦτο
1229 823 1408 905 εἶδος
1465 826 1533 893 ἐν
1585 825 1887 910 Καρύαις
1943 829 2062 913 τῆς
2116 829 2526 913 Λακωνικῆς

371 929 847 1013 διδασκόμενον
905 967 987 977 -
1045 922 1317 996 ἅπαντα
1382 928 1552 1013 μετὰ
1618 932 1921 995 Μουσῶν
1985 931 2304 995 ποιοῦσιν
2370 923 2527 1015 ἄχρι

367 1035 487 1098 τοῦ
532 1034 854 1114 πολεμεῖν
897 1029 1073 1117 πρὸς
1119 1024 1323 1097 αύλδν
1365 1033 1475 1096 καὶ
1522 1028 1784 1118 ῥυθμὸν
1842 1031 1972 1112 [καὶ
2032 1025 2346 1096 εὔτακτον
2405 1030 2527 1113 ἐμ·-

365 1140 568 1219 βασιν
611 1136 731 1200 τοῦ
775 1132 1045 1218 ποδός·]
1093 1135 1205 1199 καὶ
1265 1131 1334 1198 τ’
1398 1135 1668 1219 πρῶτον
1726 1131 2042 1221 σύνθημα
2083 1131 2528 1216 Λακεδαιμο-

370 1244 542 1314 νίοις
585 1234 760 1321 πρὸς
803 1235 922 1325 τὴν
965 1236 1179 1324 μάχην
1223 1232 1258 1303 o‘
1323 1230 1525 1314 αύλὸς
1583 1234 1915 1302 ἐνδίδωσι.
2003 1237 2357 1320 τοιγαροῦν
2414 1236 2527 1301 καὶ

375 1339 690 1425 ἐκράτουν
735 1334 1059 1406 ἁπάντων
1102 1342 1423 1426 μουσικῆς
1469 1331 1697 1416 αῦτοῑς
1739 1342 1851 1406 καὶ
1909 1332 2282 1424 εὐρυθμίας
2324 1333 2527 1423 ἡγου-

368 1446 587 1530 μένης.
680 1441 857 1519 ἰ’δοις
901 1435 963 1507 δ’
1017 1432 1098 1507 ἂν
1144 1443 1258 1508 καὶ
1303 1445 1416 1508 νῦν
1460 1442 1560 1508 ἐτι
1602 1439 1758 1519 τούς
1815 1439 2106 1529 ἐφήβους
2158 1433 2381 1506 αὐτῶν
2436 1433 2519 1505 οῦ
2545 1444 2633 1495 274

374 1557 563 1627 μεῖον
625 1537 984 1627 ὀρχεῖσθαι
1037 1533 1079 1630 ἢ
1145 1540 1558 1626 ὁπλομαχεῖν
1612 1542 2118 1627 μανθάνοντας.
2177 1533 2341 1609 ὅταν
2398 1538 2529 1627 γὰρ

373 1638 990 1733 ἀκροχειρισάμενοι
1046 1647 1156 1712 καὶ
1233 1651 1605 1724 παίσαντες
1661 1647 1772 1711 καὶ
1830 1648 2243 1722 παισθέντες
2302 1643 2371 1711 ἐν
2427 1647 2541 1729 τῷ

369 1754 560 1835 μέρει
603 1748 1033 1830 παύσωνται,
1095 1746 1191 1826 εἰς
1250 1744 1521 1834 ὄρχησιν
1569 1740 1796 1825 αῦτοῖς
1839 1743 1879 1835 ἡ
1928 1740 2183 1833 άγωνία
2227 1747 2527 1834 τελευτᾷ.

369 1856 484 1920 καὶ
530 1849 814 1939 αῦλητὴς
857 1852 978 1935 μὲν
1023 1850 1092 1918 ἐν
1135 1854 1233 1936 τῳ
1275 1856 1463 1936 μέσῳ
1518 1850 1818 1938 κάθηται
1862 1849 2173 1916 ἐπαυλῶν
2216 1851 2328 1915 καὶ
2372 1875 2531 1915 κτυ-

371 1960 522 2023 πῶν
566 1958 663 2041 τῷ
707 1953 892 2035 ποδί,
940 1954 1006 2020 οἱ
1052 1953 1124 2020 δὲ
1167 1953 1336 2020 κατὰ
1383 1966 1645 2036 στοῖχον
1679 1946 1990 2039 ἀλλήλοις
2020 1950 2343 2036 ἑπόμενοι
2374 1950 2529 2040 σχή-

370 2084 553 2143 ματα
617 2070 910 2123 παντοῖα
969 2054 1465 2124 ἐπιδείκνυνται
1524 2052 1697 2141 πρὸς
1755 2053 2019 2144 ῥυθμὸν
2076 2053 2529 2139 ἐμβαίνοντες,

374 2186 526 2250 αρτι
568 2160 690 2243 μὲν
738 2158 1088 2242 πολεμικά,
1134 2152 1270 2242 μετ’
1323 2151 1549 2244 ολίγον
1595 2158 1668 2224 δὲ
1705 2156 2108 2277 χορευτικά,
2123 2154 2166 2222 ἃ
2210 2155 2530 2242 Διονύσῳ

279 2284 344 2338 11
372 2267 485 2330 καὶ
522 2257 901 2350 Ἀφροδίτῃ
950 2264 1138 2350 φίλα.
1233 2269 1330 2328 11.
1376 2264 1730 2347 τοιγαροῦν
1772 2262 1883 2326 καὶ
1928 2259 2005 2327 τὸ
2067 2244 2281 2348 ᾆσμα,
2328 2259 2365 2326 ὃ
2411 2284 2531 2343 με·

373 2363 533 2442 ταξυ
581 2358 976 2449 ὀρχούμενοι
1021 2358 1329 2452 ᾄδουσιν,
1381 2361 1792 2451 Ἀφροδίτης
1837 2361 2184 2450 ἐπίκλησίς
2229 2361 2371 2428 ἐστι
2413 2365 2533 2428 καὶ

365 2460 706 2553 Ἐρώτων,
768 2462 860 2544 ὦς
905 2465 1397 2551 συγκωμάζοιεν
1446 2459 1671 2543 αῦτοῖς
1712 2467 1822 2532 καὶ
1883 2478 2327 2552 συνορχοῖντο.
2414 2466 2532 2531 καὶ

373 2569 668 2655 θάτερον
718 2546 790 2634 δὲ
833 2571 966 2635 τῶν
1013 2562 1330 2656 ᾀσμάτων
1373 2607 1457 2616 —-
1504 2568 1621 2635 δύο
1677 2566 1800 2655 γὰρ
1861 2563 2095 2655 ᾄδεται
2139 2605 2221 2615 -
2265 2569 2377 2634 καὶ
2425 2568 2534 2634 δι-

376 2672 788 2738 δασκαλίαν’
768 2670 900 2753 ε’χει
929 2667 1021 2748 ὥς
1046 2668 1166 2757 χρὴ
1202 2663 1594 2757 ὀρχεῖσθαι·
1627 2670 1917 2757 ,,Πόρρω
1948 2669 2136 2756 γάρ“,
2168 2676 2449 2757 φασίν,,
2457 2667 2513 2734 εὖ

375 2772 637 2853 παῖδες,
689 2771 875 2839 πόδα
904 2771 1238 2856 μετάβατε
1280 2775 1392 2840 καὶ
1423 2771 1773 2857 κωμάξατε
1814 2773 2141 2894 Bbivco‘v‘ss
2186 2776 2537 2839 τουτέστιν

378 2898 650 2958 αμεινον
696 2867 1103 2960 ὀρχήσασθε.
1193 2900 1400 2958 ομοια
1445 2875 1670 2941 δὲκαὶ
1723 2875 1788 2942 οἱ
1847 2873 1963 2942 τὸν
2024 2867 2232 2961 όρμον
2287 2873 2534 2940 καλού-

270 2988 340 3044 12
373 3000 571 3060 μενον
616 2968 1011 3061 ὀρχούμενοι
1054 2978 1389 3042 ποιοῦσιν.
1484 2980 1582 3044 12.
1628 2972 1663 3043 ὅ
1715 2976 1787 3043 δὲ
1831 2969 2038 3061 ὅρμος
2084 2970 2355 3064 ὄρχησίς
2387 2975 2640 3043 ἐστι275

374 3076 558 3165 κοινή
618 3070 890 3166 ἐφήβων
946 3102 1020 3143 τε
1074 3080 1182 3143 καὶ
1245 3083 1641 3166 παρθένων,
1707 3072 1869 3144 καθ’
1945 3077 2059 3145 ἕνα
2118 3077 2540 3165 χορευόντων

373 3182 485 3246 καὶ
533 3175 623 3258 ὥς
670 3174 949 3269 άληθῶς
995 3172 1180 3265 ὅρμῳ
1227 3178 1572 3249 ἐοικότων·
1617 3183 1728 3248 καὶ
1772 3177 2031 3266 ἡγεῖται
2057 3182 2178 3265 μὲν
2209 3178 2244 3247 ὃ
2280 3181 2539 3269 ἔφηβος

376 3282 461 3348 τὰ
507 3280 774 3349 νεανικὰ
821 3276 1218 3366 ὀρχούμενος
1258 3285 1371 3350 καὶ
1418 3282 1605 3360 ὅσοις
1648 3276 1921 3369 ὕστερον
1968 3283 2036 3349 ἐν
2065 3285 2344 3371 πολέμῳ
2369 3283 2537 3371 χρή-

377 3407 594 3465 σεται,
652 3380 691 3470 ἡ
742 3389 1088 3471 παρθένος
1135 3384 1207 3451 δὲ
1253 3383 1491 3452 ἕπεται
1532 3391 1825 3468 κοσμίως
1868 3383 1943 3452 τὸ
2003 3388 2181 3475 θῆλυ
2233 3385 2537 3471 χορεύειν

378 3485 820 3567 διδάσκουσα,
882 3481 971 3563 ὥς
1016 3482 1190 3553 εἶναι
1232 3484 1352 3553 τὸν
1397 3479 1604 3571 ὅρμον
1651 3486 1720 3553 ἐκ
1764 3487 2200 3576 σωφροσύνης
2243 3490 2356 3554 καὶ
2416 3481 2537 3554 άν-

378 3587 607 3673 δρείας
652 3586 1078 3671 πλεκόμενον.
1154 3591 1264 3654 καὶ
1315 3590 1385 3655 αἱ
1428 3590 1878 3675 γυμνοποδίαι
1909 3590 1982 3655 δὲ
2015 3583 2246 3667 αὐτοῖς
2278 3585 2539 3672 ὁμοίως

274 3699 350 3757 13
382 3685 650 3778 ὄρχησίς
708 3688 906 3756 ἐστιν.
999 3695 1098 3758 13.
1147 3688 1189 3755 ἃ
1250 3691 1322 3757 δὲ
1349 3684 1651 3779 (Όμηρος
1706 3688 1877 3780 ἱπὲρ
1913 3685 2272 3779 Ἀριάδνης
2330 3690 2399 3757 ἐν
2453 3695 2539 3779 τῇ

381 3786 625 3859 άσπίδι
670 3796 1001 3880 πεποίηκε
1042 3793 1153 3859 καὶ
1198 3796 1320 3858 τοῦ
1356 3796 1559 3878 χοροῦ
1602 3791 1678 3860 ὃν
1737 3787 1903 3881 αὐτῇ
1944 3794 2287 3871 Δαίδαλος
2330 3789 2538 3882 ἤσκη-

382 3917 522 3975 σεν,
582 3889 672 3972 ὥς
719 3887 1114 3979 ἀνεγνωκότι
1157 3915 1268 3961 σοι
1319 3900 1643 3984 παρίημι,
1700 3898 1814 3962 καὶ
1864 3895 2029 3973 ’τοὺς
2084 3895 2416 3984 ὀρχηστὰς
2461 3897 2538 3963 δὲ

380 3994 536 4073 τοὺς
595 3994 745 4076 δύο,
793 3994 909 4073 οὓς
953 3989 1088 4062 ἐκεῖ
1129 3990 1163 4061 ὃ
1213 3994 1500 4083 ποιητὴς
1543 4001 2024 4087 κυβιστητῆρας
2066 4000 2289 4077 καλεῖ,
2334 3993 2538 4084 ἡγου-
