2800 4500
936 257 1085 310 ΠΕΡΙ
1122 257 1480 310 ΟΡΧΗΣΕΩΣ.
2160 254 2278 314 127

309 430 409 491 60.
466 429 676 493 Τοῦτο
723 426 797 492 τὸ
853 430 1043 506 τέλος
1087 431 1204 517 τῆς
1240 422 1682 514 Ἀλεξάνδρου
1739 427 2115 513 τραγῳδίας
2168 430 2384 494 καὶ60

150 520 299 613 αύτη
345 531 466 593 τοῦ
524 527 780 607 παντὸς
838 530 1177 617 δράματος
1231 526 1271 619 ἡ
1330 554 1796 654 καταστροφν,
1855 527 1946 609 ῶς
2004 529 2282 611 εἰκάζειν

149 635 464 714 προνοίας
508 630 688 710 τινὸς
731 630 807 699 τὸ
859 636 1195 715 τοιοῦτον,
1256 633 1316 700 εἰ
1372 636 1484 700 καὶ
1540 631 1710 700 κατὰ
1765 633 1960 722 τύχην
2018 637 2279 720 συνέβη.

150 732 273 798 ε’δει
315 734 388 799 δὲ
431 737 542 800 καὶ
589 732 704 802 τὸν
750 735 1116 824 ἐπιτάφιον
1164 730 1367 803 αὐτοῦ
1395 741 1717 822 γενέσθαι
1749 731 1937 813 ἄξιον
1967 739 2086 802 τοῦ
2127 740 2282 820 βίου

63 837 246 901 264καὶ
290 828 517 922 ἆγῶνά
558 862 710 904 τινα
757 838 1228 927 συστήσασθαι
1271 835 1445 925 ὑπὲρ
1487 842 1606 906 τοῦ
1659 843 2091 927 χρηστηρίου,
2149 840 2284 903 τῶν

148 942 538 1022 συνωμοτῶν
605 939 869 1008 ἐκείνων
926 944 1038 1008 καὶ
1094 940 1381 1031 γοήτων,
1452 934 1606 1008 όσοι
1669 953 2028 1030 κορυφαῖοι
2091 962 2282 1028 ησαν,

149 1033 564 1108 ἀνελθόντων
632 1042 748 1111 ἐπὶ
816 1044 1163 1132 διαιτητὴν
1229 1042 1346 1111 τὸν
1407 1040 1880 1124 Ῥουτιλιανόν,
1947 1049 2098 1109 τίνα
2161 1041 2280 1129 χρὴ

147 1148 593 1232 προκριθῆναι
638 1141 856 1212 αὐτῶν
899 1150 1010 1213 καὶ
1055 1147 1507 1226 διαδέξασθαι
1540 1146 1616 1214 τὸ
1649 1160 1962 1230 μαντεῖον
1991 1151 2101 1211 καὶ
2136 1167 2283 1210 στε-

148 1250 542 1341 φανωθῆναι
606 1252 703 1335 τῷ
770 1250 1217 1338 ἱεροφαντικῷ
1280 1253 1386 1317 καὶ
1466 1253 1864 1337 προφητικῷ
1932 1253 2283 1332 στέμματι.

147 1344 216 1435 ἦν
256 1349 327 1414 δὲ
371 1349 442 1416 ἐν
490 1345 719 1429 αὐτοῖς
761 1355 874 1441 καὶ
920 1360 1179 1431 Παῖτος
1231 1352 1462 1440 ἰατρὸς
1503 1352 1623 1441 τὴν
1665 1357 1923 1440 τέχνην,
1983 1353 2284 1437 πολίτης,

150 1447 284 1517 οὔτε
313 1452 531 1539 ἰατρῷ
557 1459 908 1538 πρέποντα
941 1449 1093 1521 οὔτε
1124 1457 1455 1541 πολιτικῷ
1476 1457 1560 1540 (P)
1595 1450 1786 1540 ἀνδρὶ
1811 1458 2021 1521 ταῦτα
2046 1457 2285 1521 ποιῶν.

150 1548 281 1620 ἀλλ’
353 1552 389 1621 o‘
463 1550 898 1645 ἀγωνοθέτης
956 1553 1396 1636 Ῥουτιλιανὸς
1464 1551 1978 1645 ἀστεφανώτους
2047 1551 2287 1633 αὐτοὺς

150 1653 545 1742 ἀπέπεμψεν
605 1653 785 1745 αὐτῷ
839 1657 961 1748 τὴν
1026 1666 1450 1748 προφητείαν
1516 1651 1869 1747 φυλάτῗτων
1933 1657 2101 1742 μετὰ
2167 1657 2286 1745 τὴν

150 1756 442 1827 ἐντεῦθεν
495 1755 905 1847 ἀπαλλαγήν.

303 1869 405 1929 61.
462 1867 722 1945 Ταῦτα,
783 1850 836 1929 ὦ
882 1864 1192 1953 φιλότης,
1252 1860 1447 1951 ὀλίγα
1491 1865 1560 1931 ἐκ
1617 1867 1888 1932 πολλῶν
1934 1865 2286 1951 δείγματος
2316 1863 2386 1918 61

151 1962 314 2033 ἕνεκα
357 1965 632 2053 γράψαι
673 1961 933 2053 ἠξίωσα
975 1970 1088 2034 καὶ
1136 1970 1243 2034 σοὶ
1273 1968 1393 2052 μὲν
1418 1966 1851 2053 χαριζόμενος
1882 1963 2073 2054 ανδρὶ
2105 1968 2286 2037 ἕταί-

151 2096 231 2156 ρῳ
272 2074 382 2137 καὶ
432 2073 621 2159 φίλῳ
665 2074 777 2138 καὶ
823 2069 902 2138 ὃν
946 2069 1071 2157 ἐγὼ
1117 2070 1391 2138 πάντων
1436 2071 1733 2155 μάλιστα
1762 2072 2178 2156 θαυμάσας’
2158 2072 2285 2154 ε’χω

152 2171 253 2240 ἐπί
290 2200 362 2240 τε
408 2179 631 2263 σοφίᾳ
673 2176 784 2241 καὶ
835 2177 931 2261 τῷ
990 2172 1164 2262 πρὸς
1222 2168 1553 2262 ἀλήθειαν
1607 2173 1807 2258 ἔρωτι
1861 2177 1972 2241 καὶ
2028 2175 2284 2260 τρόπου

151 2278 475 2367 πραότητι
540 2281 648 2343 καὶ
719 2277 1048 2365 ἐπιεικείᾳ
1104 2281 1216 2344 καὶ
1274 2279 1521 2366 γαληνῃ
1575 2285 1729 2364 βίου
1786 2282 1898 2346 καὶ
1957 2273 2286 2366 δεξιότητι

151 2379 303 2463 πρὸς
344 2379 511 2457 τοὺς
556 2380 906 2461 συνόντας,
966 2379 1042 2447 τὸ
1092 2383 1300 2447 πλέον
1347 2381 1451 2462 δέ,
1513 2374 1684 2468 ὅπερ
1740 2385 1851 2449 καὶ
1911 2385 2017 2448 σοὶ
2076 2375 2284 2470 ἥδιον,

142 2473 509 2570 Ἐπικούρῳ
554 2486 884 2567 τιμωρῶν,
934 2476 1126 2570 άνδρὶ
1158 2478 1252 2561 ῶς
1285 2477 1560 2571 άληθῶς
1601 2486 1759 2571 ἱερῷ
1789 2488 1900 2552 καὶ
1929 2491 2285 2572 θεσπεσίῳ

146 2582 248 2673 τὴν
291 2587 504 2674 φύσιν
547 2588 657 2652 καὶ
702 2581 888 2672 μόνῳ
931 2578 1067 2669 μετ’
1124 2579 1451 2675 ἀληθείας
1495 2587 1579 2653 τὰ
1625 2586 1794 2654 καλὰ
1835 2588 2146 2674 ἐγνωκότι
2173 2594 2283 2658 καὶ

148 2687 652 2775 παραδεδωκότι
715 2691 827 2755 καὶ
895 2687 1315 2777 ἐλευθερωτῇ
1380 2694 1512 2757 τῶν
1579 2687 2045 2780 ὁμιλησάντων
2105 2687 2285 2781 αύτῷ

67 2797 485 2879 κόγενομένῳ.
577 2787 769 2874 οἶμαι
813 2783 954 2856 δὲ
928 2785 1038 2857 ο’τι
1080 2794 1190 2857 καὶ
1248 2805 1391 2870 τοῖς
1450 2792 1787 2875 ἐντυχοῦσι
1838 2795 2162 2883 χρησιμόν
2216 2824 2286 2865 τι

146 2891 295 2976 ε’χειν
342 2894 532 2972 δόξει
586 2890 626 2982 ἡ
672 2891 892 2982 γραφὴ
940 2891 1023 2958 τὰ
1069 2895 1190 2977 μὲν
1236 2893 1689 2980 διελέγχουσα,
1746 2896 1830 2962 τὰ
1894 2891 1949 2963 δ’
2013 2897 2079 2965 ἐν
2136 2913 2284 2978 ταῖς

145 3000 261 3062 τῶν
307 2994 376 3063 εὗ
428 2995 856 3085 φρονούντων
900 2996 1195 3082 γνώμαις
1236 3002 1624 3081 βεβαιοῦσα.

1002 3239 1407 3247 -————,

739 3506 1010 3588 ΠΕΡΙ
1056 3505 1664 3588 ΟΡΧΗΣΕῼΣ.

309 3700 361 3760 1.
409 3699 858 3763 ΛΥΚΙΝΟΣ.
896 3689 1094 3763 Ἐπεὶ
1139 3702 1377 3776 τοίνυν,
1426 3682 1478 3760 ῶ
1517 3695 1817 3783 Κράτων,
1867 3696 2084 3785 δεινήν
2129 3722 2279 3764 τινα
2316 3709 2350 3761 1

146 3795 376 3883 ταύτην
441 3805 835 3886 κατηγορίαν
894 3798 962 3864 ἐκ
1019 3799 1305 3878 πολλοῦ,
1376 3795 1598 3882 οἶμαι,
1660 3803 2281 3884 παρεσκευασμένος

147 3899 580 3988 κατηγόρηκας
665 3894 996 3986 ὀρχήσεώς
1081 3925 1155 3966 τε
1238 3904 1349 3966 καὶ
1432 3894 1634 3986 αὐτῆς
1708 3894 2096 3988 ὀρχηστικῆς
2168 3903 2280 3966 καὶ

147 4006 414 4086 προσέτι
458 3998 641 4088 ἡμῶν
684 4026 756 4086 γε
799 4007 932 4068 τῶν
973 4001 1342 4090 χαιρόντων
1387 4006 1470 4089 τῇ
1526 4001 1799 4088 τοιαύτῃ
1847 4006 1983 4089 θέᾳ
2027 3998 2120 4079 ῶς
2164 4003 2279 4069 ἐπὶ
