2800 4500
417 224 540 284 310

1158 226 1533 281 ADNOTATlo
1568 226 1837 280 cm'rch.

535 448 542 454 .
631 401 716 460 ab
763 402 954 461 omni
996 406 1218 477 parte
1253 398 1680 477 perfectof‘
1767 401 1848 460 At
1889 418 1965 461 ne
2009 400 2125 460 hoc
2170 399 2408 476 quidem
2452 399 2574 460 Lu·

628 503 830 562 cianus
875 506 1072 578 potest
1113 504 1372 563 voluisse
1392 547 1410 581 ,
1470 505 1644 563 immo
1686 521 1929 579 prorsus
1982 505 2278 570 contraria
2320 506 2411 563 est
2453 519 2574 562 res.

793 605 1062 664 Postulat
1083 622 1311 682 sensus,
1332 608 1395 664 ut
1418 604 1676 664 dicatur:
1711 605 2012 682 „alioquin
2038 605 2335 664 orationes
2357 603 2576 664 reddet

624 707 845 767 similes
890 708 1003 766 iuri
1045 725 1192 767 non
1236 707 1387 766 bene
1435 709 1634 785 mixto,
1680 710 2028 785 temperato,
2075 707 2149 766 ab
2196 707 2354 766 omni
2397 710 2574 782 parte

622 805 952 884 perfecto.“
1037 807 1385 884 Legendum
1439 808 1617 883 igitur
1661 808 1793 871 ἐπεὶ
1837 821 1975 883 τοῖς
2018 804 2115 888 μὴ
2178 810 2578 888 κατηρτυμέ-

622 933 762 984 νοις
805 916 940 972 τῶν
970 914 1206 988 ζωμῶν
1238 906 1567 985 ἀποφανεῖ
1590 906 1747 985 τοὺς
1781 906 2019 987 λόγους
2063 911 2137 988 ,si
2177 912 2389 989 minus,
2437 928 2575 970 ora-

620 1014 811 1072 tiones
862 1013 1085 1072 similes
1141 1010 1351 1070 reddet
1392 1012 1506 1070 iuri
1549 1030 1693 1071 non
1735 1011 1888 1071 bene
1949 1013 2160 1089 mixto,
2216 1015 2576 1091 temperato,

620 1111 929 1190 perfecto.‘
1002 1113 1265 1189 Egregie
1312 1113 1467 1171 enim
1505 1115 1710 1172 censet
1751 1113 2067 1191 Lucianus,
2114 1115 2383 1192 orationi,
2429 1115 2580 1175 licet

620 1218 697 1276 sit
734 1216 888 1276 bene
934 1216 1277 1293 composita,
1321 1216 1438 1274 nisi
1480 1214 1686 1292 figuris
1731 1216 1960 1276 modice
2005 1221 2214 1276 ornata
2239 1219 2316 1277 sit
2359 1217 2577 1280 deesse

627 1320 906 1394 optimum
954 1317 1246 1394 quoddam
1292 1317 1722 1377 condimentum
1767 1323 1826 1378 et
1866 1322 2164 1393 tamquam
2208 1319 2433 1379 florem.

791 1421 984 1481 Favet
1035 1419 1173 1479 huic
1231 1422 1643 1498 coniecturae,
1713 1422 1962 1495 primum
2018 1420 2178 1496 quod
2235 1421 2577 1482 emendatio

620 1524 921 1583 levissima
977 1526 1067 1582 est
1121 1524 1173 1582 si
1229 1523 1465 1598 quidem
1523 1524 1585 1581 in
1630 1523 1930 1583 codicibus
1974 1520 2200 1583 formae
2243 1524 2578 1584 litterarum

618 1649 744 1705 μηκ
788 1626 1116 1685 simillimae
1162 1629 1315 1703 sunt,
1367 1627 1451 1684 ita
1492 1629 1557 1684 ut
1598 1624 1774 1685 facile
1820 1624 2266 1686 confundantur.
2353 1627 2577 1701 Neque

619 1745 762 1786 vero
808 1727 1020 1803 obstat,
1068 1726 1225 1802 quod
1267 1722 1351 1806 μὴ
1395 1745 1506 1802 pro
1552 1723 1634 1790 οὐ
1677 1729 1953 1802 usurpari
1994 1727 2245 1805 videtur,
2291 1730 2579 1803 quoniam

620 1828 779 1904 apud
833 1828 1160 1889 Lucianum
1225 1829 1458 1888 illarum
1513 1830 1933 1905 particularum
1988 1831 2107 1888 vim
2162 1834 2340 1906 atque
2394 1849 2576 1891 usum

619 1935 850 1991 constat
889 1949 1008 1990 non
1049 1936 1169 1990 tam
1214 1933 1389 1991 certis
1434 1931 1667 2008 legibus
1724 1933 1956 1993 secerni
1999 1938 2064 1992 ut
2107 1933 2265 2008 apud
2310 1937 2575 1995 veteres.

623 2032 989 2108 Quamquam
1020 2034 1193 2092 etiam
1225 2032 1564 2108 Xenophon
1594 2036 1653 2093 et
1680 2033 1852 2093 Plato
1883 2033 2125 2112 habent,
2167 2034 2377 2110 quibus
2411 2036 2581 2111 quod

619 2135 732 2194 hoc
762 2135 893 2195 loco
923 2137 1224 2210 posuimus
1265 2133 1633 2194 defendatur.
1707 2135 1909 2194 Veluti
1937 2136 2207 2212 Xenoph.
2239 2137 2431 2196 Anab.
2466 2137 2557 2195 IV
2560 2185 2575 2198 .

622 2240 679 2296 5.
718 2241 787 2297 11
838 2244 973 2300 τῶν
1017 2243 1435 2319 στρατιωτῶν
1481 2241 1552 2301 οἱ
1581 2232 1681 2317 μὴ
1723 2233 2170 2314 δυνάμενοι
2217 2242 2579 2304 διατελέσαι

618 2336 732 2420 τὴν
764 2335 920 2403 ὁδὸν
954 2341 1414 2420 ἐνυκτέρευσαν
1445 2337 1654 2404 ἄσιτοι
1676 2342 1849 2401 Plato
1871 2341 2098 2401 Phaed.
2130 2347 2227 2402 79.
2259 2338 2338 2404 τὰ
2363 2338 2579 2422 δρατὰ

617 2446 722 2503 καὶ
752 2437 830 2503 τὰ
859 2438 960 2521 μὴ
994 2438 1242 2522 (ὁρατά)
1278 2442 1540 2519 Madvig.
1602 2442 1874 2520 Accedit>
1906 2444 2064 2519 quod
2092 2443 2239 2504 illud
2269 2445 2401 2506 ἐπεὶ
2435 2462 2578 2504 cum

615 2542 809 2603 futuro
868 2543 982 2603 hoc
1027 2562 1202 2620 quem
1245 2544 1367 2603 dixi
1417 2562 1594 2605 sensu
1640 2544 1768 2605 fere
1826 2545 2170 2623 adhibetur,
2230 2546 2333 2605 ubi
2377 2546 2453 2607 de
2498 2566 2573 2608 re

617 2647 791 2723 mala,
825 2646 1096 2724 adversa,
1126 2646 1516 2722 improbanda
1547 2649 1758 2727 agitur,
1791 2649 1956 2708 cuius
1984 2649 2073 2720 rei
2102 2666 2296 2724 pauca
2328 2667 2404 2708 ex
2427 2651 2570 2726 ipso

616 2749 881 2808 Luciano
905 2747 1110 2808 adfero
1137 2750 1409 2825 exempla
1433 2753 1581 2809 c.38
1614 2750 1784 2812 ἐπεὶ
1815 2746 2103 2826 ὅμοιος
2133 2751 2355 2815 ἔσται
2386 2767 2574 2830 τοῖς

619 2846 969 2927 φαύλοις
1015 2853 1440 2927 δικασταῖς
1471 2878 1552 2901 =--
1583 2853 1806 2927 alioqui
1841 2853 2010 2912 malis
2038 2853 2328 2913 iudicibus
2360 2856 2572 2916 similis

618 2952 744 3011 erit.
792 2952 949 3010 Dial.
983 2957 1149 3012 mort.
1180 2953 1235 3011 X
1268 2957 1302 3012 5
1335 2948 1500 3016 ὥστε
1531 2950 1813 3017 ἀπόδυθι
1845 2950 2063 3030 αὐτὰς.
2121 2956 2289 3018 ἐπεὶ
2318 2979 2574 3021 κατα-

616 3049 886 3129 δύσεις
909 3049 984 3116 τὸ
1010 3050 1272 3131 σκάφος.
1322 3055 1552 3116 Timon.
1580 3061 1682 3117 c.9
1709 3056 1870 3120 ἐπεὶ
1892 3061 2024 3119 καὶ
2050 3052 2292 3132 ὅμοια
2317 3056 2572 3140 πονή-

615 3169 862 3232 σομεν
891 3169 1069 3232 τοῖς
1099 3153 1592 3237 καταράτοις
1621 3156 1976 3236 κόλαξιν.
2013 3160 2360 3220 Hermotim.
2394 3165 2568 3222 c.28.

783 3259 1090 3319 Postremo
1123 3259 1724 3321 accommodatissima
1767 3267 1858 3322 est
1886 3262 2249 3322 ad-sensum.
2323 3263 2570 3324 Minime

617 3364 770 3421 enim
800 3361 913 3422 hoc
957 3362 1096 3422 dicit
1125 3362 1218 3439 L.,
1266 3364 1366 3438 qui
1395 3362 1601 3441 figuris
1643 3364 1762 3424 illis
1806 3368 2020 3443 utatur,
2068 3366 2192 3425 eius
2236 3367 2571 3427 orationem

610 3481 748 3524 esse
779 3465 933 3524 bene
964 3464 1257 3525 conditam
1289 3466 1389 3525 vel
1420 3469 1703 3542 optimum
1739 3485 1871 3526 eum
1904 3485 2036 3527 esse
2067 3471 2380 3546 oratorem,
2430 3488 2570 3528 nam

612 3571 748 3626 sunt
793 3568 966 3626 etiam
1011 3567 1128 3625 alia
1157 3567 1231 3626 ad
1271 3569 1668 3643 eloquentiam
1710 3571 2069 3646 necessaria,
2115 3568 2222 3630 sed
2266 3568 2383 3630 hoc
2415 3573 2568 3650 vult,

609 3669 715 3745 qui
759 3667 961 3744 figuris
1006 3669 1124 3727 illis
1161 3687 1279 3729 non
1326 3674 1549 3749 utatur,
1597 3672 1653 3731 ei
1699 3673 1966 3747 quamvis
2010 3672 2199 3732 bonus
2244 3673 2321 3732 sit
2365 3678 2571 3733 orator

613 3775 810 3831 tamen
855 3770 1065 3832 deesse
1109 3772 1353 3850 aliquid,
1398 3777 1609 3834 utnon
1638 3776 1828 3849 possit
1871 3792 2004 3836 esse
2050 3778 2247 3835 orator
2290 3775 2569 3835 omnibus

612 3872 869 3931 numeris
915 3873 1236 3933 absolutus.
1327 3874 1480 3946 Quid
1525 3880 1720 3936 autem
1758 3878 1911 3937 inter
1953 3881 2264 3952 utrumque
2307 3878 2570 3956 intersit,

611 3969 791 4031 facile
836 3971 1217 4049 intellegitur.
