2800 4500
489 239 612 296 238
1438 242 1697 295 LUClANl

699 408 879 477 κάλει
907 410 926 496 ΙΙ
957 410 1259 478 ἀπεκάλει
1290 409 1342 472 Γ
1390 449 1467 458 -
1513 439 1643 491 μου
1674 411 1693 494 ΙΙ
1719 438 1831 491 μοι
1868 411 1918 474 Γ
1963 450 2044 459 -
2092 412 2303 496 ἐπειδὴ
2345 420 2408 480 δὲ
2447 413 2465 497 ΙΙ
2501 419 2607 481 ἐπεὶ

699 518 766 578 δὲ
810 510 862 574 Γ
907 549 991 559 -
1036 523 1360 598 σωτηρίαν
1386 514 1408 600 Ι]
1438 532 1626 600 σρῖαν
1669 515 1725 577 Α
1770 551 1852 561 -
1897 517 2020 582 οὐκ
2066 517 2276 598 ὀλίγοι
2317 516 2338 602 Ι
2376 517 2489 583 οὐκ
2527 518 2600 584 ὀλ.

699 614 927 699 ἄνδρες
971 614 1023 677 Γ
1067 653 1150 664 -
1194 627 1399 683 ταῦτα
1446 621 1537 684 ἐπ.
1572 616 1813 703 [Ιταῦτ’
1856 622 1949 685 ἐπ.
1985 616 2037 679 Γ
2075 654 2157 665 -
2204 618 2425 704 ἄνδρες
2463 618 2481 704 Ι
2517 641 2607 683 om.

695 738 757 799 h.
788 740 826 802 l.
862 733 915 798 Γ
944 772 1026 784 —
1055 741 1301 820 μέτριοι
1328 736 1349 822 ΙΙ
1373 741 1625 821 μέτριοί
1650 764 1719 803 τε
1757 735 1804 797 Γ
1836 774 1919 784 --
1964 737 2196 820 ᾔδεσαν
2240 735 2260 820 Ι]
2299 720 2547 821 ἤδειάθ)
2569 738 2609 800 Γ

484 876 535 916 o.
586 862 642 918 3.
698 855 848 922 οὐδὲ
876 854 895 939 ΙΙ
927 854 1079 922 οὔτε
1112 853 1182 918 Ω
1225 893 1312 906 —-
1356 855 1736 940 εἰργαζόμην
1782 855 1802 941 ΙΙ
1842 884 1880 941 η
1925 880 2036 937 pro
2081 864 2139 923 εἰ
2177 863 2241 920 in
2285 879 2434 921 corr.
2476 857 2519 919 Γ
2545 895 2609 905 -

699 965 803 1024 καὶ
847 969 941 1046 τῷ
984 958 1198 1047 ἡμέρῳ
1242 955 1262 1042 ΙΙ
1295 981 1411 1022 om.
1456 968 1563 1025 καὶ
1592 958 1642 1021 Γ
1686 967 1795 1026 καὶ
1824 969 1919 1048 τῷ
1950 959 2232 1043 ἣμετέρω
2263 959 2319 1022 Α
2361 997 2442 1006 ——
2478 972 2610 1028 θαυ-

695 1069 940 1140 Ιιεασίως
998 1061 1122 1142 ἐγὼ
1181 1061 1200 1146 ΙΙ
1256 1061 1381 1144 ἐγὼ
1436 1072 1630 1141 θαυμ.
1681 1061 1735 1124 Α
1795 1098 1868 1109 -·
1934 1066 1997 1141 ἐς
2041 1062 2119 1128 τὸ
2162 1072 2329 1129 πειθ.
2378 1061 2397 1148 ΙΙ
2437 1071 2514 1143 είς
2550 1063 2611 1130 τὸ

699 1173 861 1229 πειθ.
910 1161 1018 1225 ΑΓ
1064 1200 1138 1210 --
1192 1164 1631 1247 προσάξεσθαι
1676 1165 1697 1250 ΙΙ
1736 1164 2136 1249 προάξεσθαι
2166 1185 2462 1245 suprascr.
2492 1186 2526 1232 σ
2549 1189 2609 1229 m.

699 1303 817 1345 ree.
864 1279 932 1344 Ω
980 1317 1059 1327 -
1115 1292 1280 1363 γοῦν
1323 1281 1343 1368 ΙΙ
1393 1280 1519 1350 οὖν
1563 1282 1613 1345 Γ
1668 1320 1754 1330 -
1810 1287 2152 1368 ἐσπείσμην
2193 1284 2212 1370 ΙΙ
2257 1268 2533 1369 ἐῖἷείσμην
2572 1283 2611 1346 Α

699 1388 1079 1468 ἐπεπείσμην
1122 1382 1174 1446 Γ
1220 1422 1301 1431 -
1346 1389 1702 1470 ἐπιρροίαις
1743 1386 1762 1470 ΙΙ
1807 1390 2137 1471 ἐπιρροίας
2180 1387 2236 1450 Α
2293 1426 2374 1436 —
2430 1391 2611 1466 ἐπεμε-

699 1485 947 1571 λούμην
1002 1488 1022 1572 ΙΙ
1077 1486 1473 1571 ἐπεμελόμην
1520 1484 1569 1547 Γ
1630 1524 1701 1534 -
1769 1487 1983 1572 ὕβρεις
2040 1495 2105 1555 δὲ
2148 1543 2162 1558 .
2201 1542 2217 1557 .
2254 1543 2272 1558 .
2321 1488 2611 1573 ἐφήβωνΙ

699 1613 811 1654 [ιω.
858 1588 927 1652 Ω

487 1736 531 1768 υ.
587 1724 639 1768 -Ι,
699 1709 1105 1795 ..ἐσκοπούμην
1161 1712 1182 1796 ΙΙ
1225 1710 1701 1794 ὃιεσκοπούμην
1753 1708 1805 1771 Γ
1865 1746 1939 1756 --
2003 1714 2255 1777 ἐννοῶν
2298 1711 2318 1795 ΙΙ
2360 1715 2611 1776 ἐπινοῶν

699 1808 799 1872 AF
843 1848 927 1858 —
969 1839 1080 1891 μοι
1126 1815 1290 1879 εἶναι
1331 1810 1352 1898 Ι
1394 1815 1558 1879 εἶναι
1599 1839 1713 1891 μοι
1743 1810 1795 1874 Γ
1839 1848 1923 1858 -
1963 1811 2380 1891 ἀποστάσεως
2422 1812 2441 1898 ΙΙ
2477 1811 2611 1878 ἄπο-

699 1922 955 1992 ῡτασίας
998 1913 1104 1976 ΑΓ
1149 1951 1234 1961 -
1277 1918 1438 1994 ἐμοῦ
1482 1916 1689 1981 αὐτοῦ
1715 1912 1735 1998 ΙΙ
1764 1918 2048 1992 ἐμαυτοῦ
2081 1913 2133 1977 Γ
2178 1950 2261 1961 -
2307 1914 2419 1998 ἤδη
2458 1912 2477 1998 ΙΙ
2514 1935 2610 1976 om·

703 2016 747 2076 Γ
795 2053 868 2063 -
929 2017 1246 2084 ἐπενόουν
1288 2016 1307 2102 ΙΙ
1351 2021 1705 2085 ἐπενοοῦτο
1751 2014 1802 2078 Γ
1846 2055 1929 2064 —
1982 2016 2057 2101 δὴ
2099 2015 2119 2103 ΙΙ
2162 2014 2286 2085 οὖν
2329 2015 2379 2078 Γ
2434 2054 2507 2063 -
2557 2021 2609 2081 οἱ

703 2126 837 2185 θεοὶ
878 2118 898 2204 ΙΙ
942 2141 1056 2183 om.
1104 2125 1166 2187 οἱ
1210 2117 1262 2181 Γ
1311 2157 1383 2165 -
1437 2126 1777 2203 προδείξας
1820 2118 1840 2204 Ι]
1885 2126 2223 2203 προδείόας
2267 2118 2323 2181 Α

487 2268 511 2296 ι·
591 2252 643 2300 ὑ*
699 2238 1070 2320 ἀφύλακτος
1126 2239 1145 2325 ΙΙ
1198 2240 1590 2321 ἀφυλάκτως
1645 2236 1751 2301 ΑΓ
1811 2276 1885 2286 --
1947 2238 2350 2324 μελλήσοντα
2398 2235 2612 2324 ῆμελή-

699 2380 896 2426 [ποντα
928 2359 998 2441 A,
1029 2357 1175 2439 P(?)
1215 2396 1290 2406 —
1321 2368 1650 2442 πείσεσθαι
1680 2357 1698 2442 ΙΙ
1727 2345 2190 2440 πή(εἰο)σεσθαι
2220 2357 2271 2421 Γ
2307 2396 2390 2405 -
2420 2355 2613 2439 πάνυῆ

699 2484 807 2525 ῡΠΙ.
852 2458 957 2524 ΑΓ
1015 2499 1099 2509 --
1156 2461 1452 2547 άνὸρεόὸη
1495 2460 1517 2549 Ι
1556 2462 1877 2546 άνὸριώὸη
1924 2460 1973 2523 Γ
2034 2498 2112 2507 -
2167 2466 2231 2542 ἐς
2274 2462 2352 2529 τὸ
2395 2460 2562 2527 ἐπιὸν
2599 2462 2615 2541 ΙΙ

699 2572 780 2640 ,εἰς
824 2591 876 2632 τ.
927 2567 1020 2630 ἐπ.
1070 2560 1123 2624 Γ
1169 2601 1246 2610 -
1294 2564 1490 2630 ταῦτ’
1534 2564 1790 2648 [Ιταῦτ’
1836 2562 1959 2632 οὖν
2004 2562 2172 2626 ΑΓ-

483 2709 527 2745 .--.,
587 2701 635 2745 Ιξι.
699 2694 918 2765 σαφῶς
963 2682 983 2768 Ι]
1023 2693 1195 2768 σαφῆ
1238 2680 1291 2745 Γ
1347 2719 1431 2730 -
1478 2687 1806 2765 ἐξελέγξας
1846 2685 1866 2769 ΙΙ
1911 2688 2168 2766 ἐλέγξας
2210 2680 2317 2746 ΑΓ
2366 2718 2437 2728 -
2484 2679 2615 2758 ἐτιΙΙ

699 2809 807 2849 mn.
851 2783 958 2847 ΑΓ
1016 2823 1099 2832 -
1156 2786 1276 2868 οὐχ
1336 2812 1436 2852 οτι
1482 2785 1500 2870 ΙΙ
1541 2787 1660 2869 οὐχ
1718 2785 1858 2854 ότοι
1903 2785 1955 2849 Α
2011 2824 2094 2833 -
2151 2780 2617 2905 ἐνεστησάμην]

695 2887 1176 2971 συνεστησάμην
1219 2886 1326 2949 ΑΓ
1369 2928 1454 2937 -—
1483 2885 1789 2972 (Έλληνές
1834 2888 1949 2974 τεΙΙ
1993 2912 2104 2952 om.
2140 2915 2208 2954 τε
2250 2885 2357 2951 ΑΓ
2409 2925 2478 2934 -
2522 2885 2616 2952 αὖ·

703 3032 795 3089 τοί
837 3050 905 3090 τε
933 3022 954 3108 ΙΙ
981 3046 1094 3088 om.
1125 3051 1193 3091 τε
1221 3023 1346 3107 ΑΓ,
1390 3047 1688 3106 suprascr.
1723 3030 1784 3087 in
1813 3022 1883 3087 Ω
1912 3062 1996 3073 -
2023 3024 2061 3107 ἡ
2093 3029 2292 3108 πέτρα
2332 3024 2352 3109 ss
2382 3023 2419 3108 ἡ
2450 3045 2615 3103 πειρα

691 3133 778 3189 fiio
824 3125 874 3188 Γ
924 3162 998 3173 -
1046 3127 1553 3209 καταγελάσεσθε
1595 3128 1616 3213 Ι
1656 3127 2035 3209 γελάσεσθαι
2081 3130 2213 3207 (sio)
2260 3124 2310 3187 Γ

483 3273 531 3309 ⁴:-
587 3257 635 3309 ἵε
695 3249 917 3328 ὲιπλῶς
962 3248 1126 3315 αὐτὸ
1167 3248 1187 3332 ΙΙ
1229 3248 1376 3315 αὐτὶ
1436 3248 1662 3327 ἁπλῶς
1706 3246 1775 3310 Ω

483 3397 527 3429 ι;.
583 3381 635 3429 fes·
691 3369 839 3453 ἡμῖν
884 3375 950 3434 δὲ
1056 3391 1168 3433 om.
1215 3374 1280 3434 δὲ
1324 3365 1377 3430 Γ
1424 3405 1506 3414 -
1549 3376 1828 3450 γίγνεται
1871 3366 1891 3453 ΙΙ
1930 3374 2171 3447 γίνεται
2212 3362 2321 3428 ΑΓ
2373 3402 2444 3412 -
2490 3363 2613 3443 αἐὶῇ

691 3477 810 3537 αἰεὶ
853 3469 906 3533 Α
950 3507 1033 3517 -
1077 3468 1521 3554 ἐπικρατήσειν
1564 3468 1582 3553 ΙΙ
1627 3491 1741 3532 om.
1773 3472 1875 3535 ἐπι
1911 3465 2016 3530 ΑΓ
2063 3505 2143 3514 -
2189 3467 2378 3551 α’νθρ.
2426 3463 2614 3548 εἶναιΙΙ

695 3577 852 3637 εἶναι
897 3593 1011 3634 om.
1055 3568 1108 3633 Γ
1150 3607 1233 3618 -
1278 3573 1411 3653 ἔχοι
1451 3569 1473 3657 fl
1516 3573 1636 3653 ἔχει
1680 3570 1732 3632 Α
1776 3607 1858 3616 -
1904 3576 2116 3636 αἰτίαν
2157 3567 2178 3653 Ι
2216 3567 2497 3651 μεγάλην
2537 3570 2613 3631 αἰ·

699 3681 834 3739 τίαν
879 3671 930 3733 Γ

479 3817 527 3853 ιε..
579 3805 631 3853 23.
691 3790 812 3873 ,ἐγὼ
854 3797 972 3869 μὲν
1013 3788 1186 3876 ,ἐγὼ
1228 3798 1346 3869 μὲν
1394 3788 1518 3858 οὖν
1560 3789 1663 3853 ΑΓ
1710 3829 1792 3839 -
1836 3798 2177 3875 προτεθείη
2205 3790 2224 3874 ΙΙ
2254 3793 2613 3873 προστεθείη

691 3893 739 3953 Γ
791 3930 865 3941 -
909 3892 1229 3976 μελλήσας
1273 3893 1292 3976 ΙΙ
1328 3891 1604 3976 μελήσας
1633 3890 1739 3955 ΑΓ
1786 3930 1862 3940 -
1911 3891 2220 3959 τεθνάναι
2264 3891 2285 3977 ΙΙ
2327 3899 2613 3958 τεθνᾶναι

699 3993 739 4053 Γ
789 4031 860 4041 -
912 3994 1176 4073 ἄμεινον
1222 3999 1394 4062 ἐστιν
1436 3994 1457 4079 ΙΙ
1499 3995 1601 4074 ἄμ.
1652 3998 1814 4061 εἶναι
1858 3992 2035 4058 ΑΩΓ
2095 4032 2177 4041 -
2228 3991 2565 4076 Λεωγόραν
