2800 4500
924 239 1227 295 ΑΔΗΘθΥΣ
1262 240 1560 293 ΙΣΤΟΡΙΑΣ
1594 245 1650 296 A.
2284 239 2362 299 37

221 404 365 476 ἀλλ’
419 404 648 495 ὥσπερ
679 406 715 477 o‘
746 410 1003 488 καπνὸς
1047 410 1482 494 διαλυόμενος
1513 406 1638 498 ἀὴρ
1683 417 1958 496 γίνεται.
2047 412 2260 500 τροφὴ
2298 414 2369 480 δὲ

222 517 427 581 πᾶσιν
496 506 693 600 αῧτη·
761 511 1039 580 ἐπειδὰν
1094 511 1221 598 γὰρ
1280 517 1416 598 πῦρ
1475 510 1933 594 ἀνακαύσωσι,
1998 514 2372 599 βατράχους

225 611 519 683 ὀπτῶσιν
551 614 669 682 ἐπὶ
702 619 839 682 τῶν
886 609 1278 700 ἀνθράκων·
1323 617 1570 683 πολλοὶ
1603 616 1674 681 δὲ
1705 609 1873 700 παρ’
1927 610 2157 693 αὐτοῖς
2202 617 2372 684 εἰσιν

226 718 288 785 ἐν
345 723 443 804 τῷ
499 712 646 802 ἀέρι
701 717 1095 802 πετόμενοι·
1164 711 1575 801 ὀπτωμένων
1634 718 1706 784 δὲ
1775 717 2374 803 περικαθεζόμενοι

226 815 452 907 ὥσπερ
507 821 585 909 δὴ
645 824 804 907 περὶ
860 819 1196 904 τράπεζαν
1251 820 1586 886 κάπτουσι
1643 818 1759 887 τὸν
1817 814 2374 905 ἀναθυμιώμενον

137 921 473 990 89καπνόν
517 927 630 990 καὶ
675 917 1097 1005 εὐωχοῦνται.
1187 930 1353 1008 σίτῳ
1383 923 1504 1007 μὲν
1535 921 1614 1010 δὴ
1647 927 2011 1011 τρέφονται
2053 923 2373 1010 τοιούτῳ·

224 1025 437 1093 ποτὸν
504 1027 575 1091 δὲ
644 1023 870 1103 αὐτοῖς
937 1025 1118 1092 ἐστιν
1193 1020 1319 1111 ἀὴρ
1394 1019 1947 1110 ἀποθλιβόμενος
2014 1025 2082 1104 ἐς
2144 1026 2376 1094 κύλικα

222 1127 416 1215 ὑγρὸν
475 1123 684 1206 ἀνιεὶς
739 1122 969 1213 ὥσπερ
1028 1129 1291 1212 δρόσον.
1383 1122 1459 1195 οὗ
1511 1127 1643 1217 μὴν
1704 1122 2082 1211 ἀπουροῦσί
2135 1153 2209 1215 γε
2263 1131 2374 1194 καὶ

226 1226 688 1319 ἀφοδεύουσιν,
737 1225 884 1298 ἀλλ)
927 1225 1092 1297 ὀὐδὲ
1136 1236 1484 1318 τέτρηνται
1528 1225 1704 1318 ᾗπερ
1749 1226 1974 1317 ἡμεῖς·
2022 1226 2170 1298 ἀλλ’
2224 1225 2377 1298 οὐδὲ

223 1333 341 1422 τὴν
388 1341 742 1401 συνουσίαν
789 1335 854 1401 οἱ
900 1335 1141 1411 παῖδες
1174 1333 1240 1400 ἐν
1282 1347 1432 1411 ταῖς
1478 1334 1703 1419 ἕδραις
1748 1338 2171 1419 παρέχουσιν,
2221 1328 2370 1399 ἀλλ’

223 1437 289 1504 ἐν
334 1450 485 1514 ταῖς
545 1437 796 1522 ἰγνύσιν
850 1433 1020 1520 ὑπὲρ
1074 1434 1195 1524 τὴν
1250 1443 1814 1524 γαστροκνημίαν·
1877 1435 2011 1503 ἐκεῖ
2061 1436 2187 1522 γάρ
2247 1436 2378 1504 εἶσι

220 1544 631 1627 τετρημένοι.
718 1538 920 1617 καλὸς
965 1540 1037 1606 δὲ
1083 1539 1425 1623 νομίζεται
1471 1532 1638 1620 παρ’
1706 1532 1932 1617 αὐτοῖς
1980 1533 2053 1626 ἢν
2098 1537 2232 1604 πού
2277 1563 2381 1616 τις

222 1640 570 1732 φαλακρὸς
611 1644 723 1708 καὶ
771 1637 1018 1725 ἄκομος
1060 1629 1134 1729 ᾗ,
1194 1640 1350 1720 τοὺς
1397 1642 1469 1708 δὲ
1512 1641 1804 1730 κομήτας
1854 1645 1964 1707 καὶ
2007 1641 2379 1723 μυσάττον-

220 1772 357 1812 ται.
450 1745 564 1810 ἐπὶ
610 1743 682 1809 δὲ
724 1747 856 1811 τῶν
910 1746 1214 1831 κομητῶν
1275 1740 1571 1829 ἀστέρων
1628 1737 2014 1810 τούναντίον
2070 1741 2227 1821 τοὺς
2268 1769 2380 1809 κο-

219 1847 439 1936 μήτας
505 1845 846 1929 νομίζουσι
911 1846 1186 1924 καλούς·
1254 1845 1630 1932 ἐπεδήμουν
1689 1845 1814 1933 γάρ
1872 1870 2080 1927 τινες,
2150 1849 2216 1911 οἳ
2270 1848 2378 1912 καὶ

224 1953 386 2037 περὶ
419 1948 682 2015 ἐκείνων
727 1949 1093 2036 διηγοῦντο.
1167 1953 1277 2016 καὶ
1309 1947 1440 2036 μὴν
1471 1950 1583 2015 καὶ
1613 1953 1834 2034 γένεια
1872 1948 2119 2035 φύουσι
2148 1947 2383 2034 μικρὸν

224 2049 397 2134 ὑπὲρ
440 2049 525 2115 τὰ
566 2049 834 2135 γόνατα.
922 2054 1032 2117 καὶ
1078 2045 1315 2132 ὄνυχας
1360 2051 1428 2117 ἐν
1472 2065 1615 2128 τοῖς
1674 2054 1878 2117 ποσὶν
1936 2045 2050 2117 οὐκ
2104 2051 2381 2133 ἔχουσιν,

227 2149 400 2220 ἀλλὰ
447 2153 697 2231 πάντες
742 2154 873 2220 εἰσὶ
916 2153 1420 2237 μονοδάκτυλοι.
1509 2149 1680 2237 ὗπὲρ
1713 2154 1785 2220 δὲ
1816 2152 1936 2231 τὰς
1973 2151 2190 2238 πυγὰς
2233 2151 2383 2218 ἑκά·

230 2281 364 2344 στῳ
415 2251 630 2322 αυτῶν
684 2257 941 2344 κράμβη
1003 2255 1331 2344 ἐκπέφυκε
1386 2255 1606 2340 μακρὰ
1664 2250 1893 2340 ὥσπερ
1955 2249 2150 2340 οὖρά,
2210 2255 2384 2320 θάλ-

230 2361 439 2425 λουσα
484 2357 549 2435 ἐς
598 2352 703 2425 ἀεὶ
747 2361 857 2424 καὶ
913 2354 1158 2424 ὑπτίου
1218 2352 1726 2435 ἀναπίπτοντος
1777 2383 1852 2423 ου
1896 2358 2383 2443 κατακλωμένη.

159 2467 333 2532 9024.
394 2455 899 2543 ἀπομύττονται
957 2461 1028 2526 δὲ
1085 2463 1236 2543 μέλι
1296 2459 1731 2547 δριμύτατον·
1788 2452 2118 2525 κάπειδὰν
2169 2448 2210 2546 ἢ
2256 2484 2386 2524 πο-
2410 2462 2489 2517 24

234 2567 436 2630 νῶσιν
492 2589 530 2649 η
588 2563 1077 2648 γυμνάζωνται,
1137 2563 1419 2648 γάλακτι
1477 2574 1618 2629 πᾶν
1674 2560 1748 2628 τὸ
1813 2564 2007 2645 σῶμα
2068 2562 2385 2646 ἱδροῦσιν,

235 2660 406 2733 ω’στε
447 2668 560 2732 καὶ
606 2664 842 2750 τυροὺς
887 2659 1013 2731 ἀπ’
1067 2658 1270 2731 αὐτοῦ
1314 2665 1725 2753 πήγνυσθαι,
1773 2657 1996 2750 ὀλίγον
2042 2667 2157 2730 τοῦ
2200 2663 2388 2746 μέλι-

235 2793 347 2846 τος
406 2766 918 2845 ἐπιστάξαντες·
979 2766 1205 2834 ἔλαιον
1267 2768 1338 2834 δὲ
1385 2771 1744 2834 ποιοῦνται
1803 2760 1940 2832 ἀπὸ
1996 2770 2128 2831 τῶν
2185 2789 2388 2850 κρομ-

239 2870 418 2953 μύων
463 2870 641 2937 πάνυ
689 2869 978 2954 λιπαρόν
1020 2895 1094 2935 τε
1132 2873 1243 2936 καὶ
1292 2864 1532 2947 εὐῶδες
1577 2862 1807 2953 ὥσπερ
1852 2868 2080 2955 μύρον.
2172 2861 2389 2951 ἀμπέ-

242 2973 389 3050 λους
434 2973 505 3039 δὲ
551 2971 812 3050 πολλὰς
870 2973 1128 3053 ἔχουσιν
1183 2967 1633 3059 ὑδροφόρους·
1697 2971 1769 3036 αἱ
1824 2969 1949 3056 γὰρ
2008 2970 2202 3057 ῥᾶγες
2257 2972 2392 3033 τῶν

240 3074 532 3159 βοτρύων
581 3074 753 3140 εἰσὶν
799 3067 1029 3157 ὥσπερ
1068 3073 1355 3156 χάλαζα,
1408 3079 1522 3139 καί
1563 3099 1683 3156 μοι
1729 3072 1911 3138 δοκεῖ
1954 3068 2229 3137 ἐπειδὰν
2276 3068 2392 3153 ἐμ-

244 3174 465 3242 πεσών
512 3170 757 3258 ἄνεμος
803 3176 1111 3262 διασείσῃ
1157 3174 1280 3253 τὰς
1327 3169 1671 3258 ἀμπέλους
1717 3172 1989 3252 ἐκείνας,
2036 3171 2191 3238 τότε
2221 3169 2396 3257 πρὸς

246 3273 411 3367 ἡμᾶς
466 3274 965 3362 καταπίπτειῆ
1019 3277 1277 3360 χάλαζα
1336 3278 1823 3363 διαρραγέντων
1880 3279 2013 3341 τῶν
2070 3268 2392 3360 βοτρύων.

247 3384 323 3467 τῇ
378 3386 604 3465 μέντοι
658 3382 897 3467 γαστρὶ
954 3373 1085 3446 ὅσα
1145 3379 1332 3468 πήρᾳ
1384 3383 1676 3461 χρῶνται
1734 3381 2043 3454 τιθέντες
2101 3375 2169 3442 ἐν
2230 3369 2395 3462 αὐτῇ

252 3473 419 3547 ὅσων
463 3483 760 3549 δέονται·
822 3477 1091 3567 ἀνοικτὴ
1138 3479 1264 3568 γάρ
1323 3475 1550 3557 αὐτοῖς
1604 3473 1766 3568 αῧτη
1811 3482 1925 3545 καὶ
1969 3478 2176 3545 πάλιν
2219 3478 2395 3543 κλει-

258 3584 365 3670 στή
438 3584 647 3651 ἐστιν·
722 3583 984 3669 ἔντερον
1051 3584 1124 3650 δὲ
1191 3578 1381 3651 οὐδὲν
1456 3582 1523 3650 ἐν
1591 3576 1759 3668 αὐτῇ
1833 3588 2149 3669 φαίνεται
2221 3575 2392 3667 ἤπερ

256 3689 436 3752 τοῦτο
480 3686 705 3770 μόνον,
751 3685 860 3754 ὅτι
899 3686 1136 3753 δασεῖα
1181 3688 1373 3750 πᾶσα
1419 3683 1742 3763 ἔντοσθεν
1770 3686 1883 3751 καὶ
1916 3681 2150 3759 λάσιός
2195 3679 2394 3760 ἐστιν,

259 3777 419 3854 ὥστε
469 3792 579 3856 καὶ
635 3786 719 3854 τὰ
774 3787 1035 3873 νεογνά,
1096 3785 1373 3854 ἐπειδὰν
1431 3787 1736 3874 ῥιγῶσιν,
1807 3783 1874 3862 ἐς
1929 3783 2171 3870 ταύτην
2226 3776 2396 3847 ὓπο-

264 3887 491 3958 δύεται.
566 3896 668 3958 25.
715 3889 927 3978 ἐσθὴς
959 3890 1030 3955 δὲ
1059 3903 1201 3966 τοῖς
1230 3890 1351 3973 μὲν
1381 3891 1738 3964 πλουσίοις
1778 3884 2013 3972 ὑαλίνη
2057 3883 2395 3971 μαλθακή,
2422 3893 2502 3948 25

265 4004 395 4069 τοῖς
447 3998 686 4081 πένησι
742 3993 814 4059 δὲ
863 3994 1071 4079 χαλκῆ
1136 3988 1429 4080 ὑφαντή·
1498 3989 1881 4072 πολύχαλκα
1936 3986 2061 4073 γὰρ
2118 3984 2203 4051 τὰ
2264 3984 2396 4051 ἐκεῖ
