2800 4500
385 201 390 207 ’
488 226 517 281 1
530 224 565 281 2
1376 225 1744 278 ΑοΥκιΑΝοΥ

487 393 681 472 εἰδώς
726 393 832 461 ὅτι
875 393 1120 478 τὸμὲν
1165 394 1400 471 πάθος
1447 391 1653 458 ἐκεῖνο
1700 396 1839 458 πᾶν
1882 396 2088 478 τριῶν
2135 390 2327 477 οἶμαι
2370 389 2734 482 ἡμερῶνεο

487 496 761 583 ἐγένετο,
810 491 1132 562 ἀπόσιτοι
1177 496 1249 561 δὲ
1286 498 1400 561 καὶ
1447 493 1543 571 εἰς
1588 492 1875 581 ἑβδόμην
1922 495 2305 617 διαρκοῦσιν
2352 497 2419 563 οἱ
2464 498 2640 562 πολ-

488 601 631 679 λοί,
684 596 871 673 ἐκτος
915 597 974 663 εἰ
1016 596 1105 682 μὴ
1161 590 1365 663 τοῦθ’
1431 592 1769 679 ὑπολάβοι
1822 620 1956 677 τις,
2019 621 2112 673 ως
2148 590 2428 686 Ὀσρόης
2469 602 2643 675 τέως

489 698 776 788 εἱστήκει
821 704 1227 785 περιμένων,
1288 691 1429 765 ἔστ’
1483 687 1563 764 ἂν
1609 697 2008 785 Σευηριανὸς
2056 700 2231 784 λιμῷ
2276 694 2640 787 ἀπόληται,

488 806 600 868 καὶ
646 800 757 869 διὰ
804 805 1000 868 τοῦτο
1048 794 1161 866 οῦκ
1208 799 1414 886 ἐπῆγε
1460 797 1571 867 διὰ
1618 803 1735 883 τῆς
1779 798 2085 919 ἑβδόμης.

397 909 472 965 22
663 910 764 969 22.
818 901 988 979 Τοῖς
1034 903 1105 967 δὲ
1134 905 1246 968 καὶ
1290 913 1668 989 ποιητικοῖς
1713 896 2057 984 ὀνόμασιν,
2107 926 2157 965 ω
2192 901 2350 966 καλὲ
2386 904 2643 982 Φίλων,

492 1004 559 1071 ἐν
608 1005 872 1092 ιστορίᾳ
910 1009 1289 1089 χρωμένους
1331 1007 1469 1070 ποῦ
1514 997 1576 1067 δ’
1631 999 1713 1069 άν
1742 1028 1845 1081 τις
1879 1009 2059 1091 θείη,
2106 1002 2263 1080 τοὺς
2307 1006 2645 1088 λέγοντας,

491 1104 785 1189 ,,ἐλέλιξε
829 1107 949 1189 μὲν
994 1102 1340 1193 ἥμηχανή,
1386 1104 1463 1171 τὸ
1499 1118 1715 1187 τεῖχος
1748 1105 1819 1170 δὲ
1850 1102 2061 1170 πεσὸν
2106 1103 2407 1189 μεγάλως
2453 1103 2650 1171 ἐδού-

492 1210 746 1294 πησε,“
808 1211 923 1273 καὶ
979 1207 1186 1274 πάλιν
1245 1206 1313 1273 ἐν
1370 1205 1573 1292 ετέρῳ
1629 1210 1817 1291 μέρει
1873 1208 1992 1294 τῆς
2045 1206 2249 1292 καλῆς
2307 1207 2646 1292 ιστορίας’

492 1306 814 1391 ,ζἘδεσσα
869 1310 990 1393 μὲν
1037 1307 1113 1394 δὴ
1164 1301 1336 1374 οῧτω
1380 1321 1524 1385 τοῖς
1583 1300 1825 1384 όπλοις
1883 1321 2484 1394 περιεσμαραγεῖτο
2531 1311 2649 1374 καὶ

495 1405 731 1494 ότοβος
775 1397 854 1500 ἧν
897 1414 1008 1477 καὶ
1062 1410 1353 1536 κόναβος
1404 1402 1673 1475 άπαντα
1732 1408 2011 1489 ἐκεῖνα,“
2067 1411 2178 1475 καὶ
2228 1406 2309 1491 ,,ὃ
2359 1433 2652 1532 στρατη-

494 1513 610 1599 γὸς
669 1512 1092 1600 ἐμερμήριζεν
1137 1538 1188 1598 ῳ
1214 1511 1473 1598 τρόπω
1533 1511 1829 1594 μάλιστα
1885 1510 2304 1597 προσαγάγοι
2349 1511 2523 1599 πρὸς
2568 1512 2648 1579 τὸ

495 1619 774 1698 τεῖχος.“
847 1612 991 1681 εἶτα
1034 1613 1280 1697 μεταξὺ
1313 1607 1524 1691 οὕτως
1554 1607 1781 1701 εῦτελῆ
1826 1606 2121 1697 ὀνόματα
2163 1618 2275 1681 καὶ
2321 1615 2653 1703 δημοτικὰ

496 1721 606 1784 καὶ
674 1716 974 1799 πτωχικὰ
1044 1716 1264 1782 πολλὰ
1331 1720 1894 1800 παρενεβέβυστο,
1970 1714 2046 1781 τό
2117 1714 2543 1796 ,,ἐπέστειλεν
2613 1713 2649 1781 ὁ

500 1818 1081 1905 στρατοπεδάρχης
1124 1822 1222 1904 τῷ
1277 1821 1548 1904 κυρίῳ,“
1604 1820 1716 1884 καὶ
1774 1818 1883 1899 „oi
1942 1823 2345 1899 στρατιῶται
2400 1812 2654 1907 ἠγόρα-

501 1922 608 2002 ζον
663 1921 746 1987 τὰ
806 1920 1258 2009 ἐγχρῄζοντα,“
1321 1926 1437 1986 καί
1497 1916 1664 2007 ,ἤδη
1736 1921 2118 2002 λελουμένοι
2182 1922 2339 2004 περὶ
2409 1915 2657 1997 αὐτοὺς

501 2023 832 2109 ἐγίγνοντο
878 2024 1047 2109 (†),“
1088 2026 1198 2090 καὶ
1244 2021 1327 2090 τὰ
1372 2026 1685 2109 τοιαῦτα·
1745 2015 1919 2088 ὥστε
1974 2020 2048 2088 τὸ
2103 2025 2380 2108 πρᾶγμα
2438 2021 2660 2101 ἐοικός
2681 2038 2732 2086 31

503 2124 675 2194 εἶναι
719 2126 1041 2212 τραγῳδῷ
1083 2124 1200 2192 τὸν
1249 2125 1472 2210 ἕτερον
1503 2125 1623 2208 μὲν
1654 2123 1837 2191 πόδα
1882 2118 1995 2189 ἐπ’
2048 2123 2339 2207 ἐμβάτου
2382 2120 2656 2211 ὖψηλοῦ

407 2249 484 2306 23
506 2227 958 2318 ἐπιβεβηκότι,
1006 2232 1277 2314 θατέρῳ
1323 2227 1394 2294 δὲ
1442 2225 1769 2294 σανδάλον
1812 2223 2298 2312 ὑποδεδεμένῳ.
2389 2231 2491 2293 23.
2538 2231 2656 2294 καὶ

500 2332 630 2422 μὴν
660 2335 772 2399 καὶ
803 2327 1044 2409 ἄλλους
1075 2331 1249 2408 ἰ’δοις
1283 2320 1361 2396 ὃν
1389 2328 1475 2394 τὰ
1506 2329 1626 2412 μὲν
1664 2334 1994 2412 προοίμια
2041 2326 2318 2414 λαμπρὰ
2346 2331 2458 2396 καὶ
2489 2354 2657 2416 τρα-

501 2433 652 2520 γικὰ
696 2436 806 2500 καὶ
853 2432 949 2511 εἰς
985 2429 1359 2519 ὑπερβολὴν
1403 2428 1622 2513 μακρὰ
1670 2428 2188 2517 συγγράφοντας,
2236 2426 2328 2508 ὥς
2373 2429 2660 2498 ἐλπίσαι

504 2534 872 2618 θαυμαστὰ
916 2531 1112 2620 ἡλίκα
1154 2532 1238 2598 τὰ
1283 2531 1453 2616 μετὰ
1506 2535 1717 2597 ταῦτα
1761 2531 2033 2609 πάντως
2079 2526 2494 2598 ἀκούσεσθαι
2507 2585 2524 2614 ,
2576 2533 2654 2599 τὸ

505 2640 699 2719 σῶμα
747 2636 818 2701 δὲ
852 2630 1010 2701 αὐτὸ
1044 2633 1119 2701 τὸ
1155 2637 1270 2723 τῆς
1318 2635 1622 2721 ἱστορίας
1666 2633 1899 2718 μικρόν
1929 2660 1996 2699 τι
2032 2636 2143 2700 καὶ
2191 2628 2453 2720 ἀγεννὲς
2483 2633 2660 2700 ἐπα-

502 2738 858 2824 γαγόντας,
907 2733 998 2815 ὥς
1041 2740 1154 2804 καὶ
1197 2740 1392 2803 τοῦτο
1442 2734 1726 2803 ἐοικέναι
1772 2735 2062 2821 παιδίῳ,
2126 2735 2192 2801 εἴ
2231 2759 2365 2801 που
2396 2730 2661 2818 Ἔρωτα

505 2838 677 2918 εἶδες
707 2839 1054 2919 παίζοντα,
1102 2852 1538 2924 προσωπεῖον
1571 2835 1973 2924 (Ηρακλέους
2005 2832 2326 2923 πάμμεγα
2355 2828 2393 2926 ἢ
2422 2837 2662 2915 Πανὸς

505 2949 996 3030 περικείμενον·
1059 2936 1264 3019 εὐθὺς
1318 2944 1475 3026 γοῦν
1536 2941 1601 3007 οἱ
1663 2935 2061 3017 ἀκούσαντες
2120 2939 2662 3027 ἐπιφθέγγονται

509 3039 734 3120 αὐτοῖς
777 3042 887 3118 τό,
933 3040 1204 3109 ’Ώδινεν
1264 3037 1440 3128 ὅρος.
1524 3041 1646 3130 χρὴ
1695 3041 1766 3107 δὲ
1820 3036 2011 3123 οἶμαι
2053 3040 2143 3128 μὴ
2192 3033 2431 3120 οὕτως,
2497 3034 2654 3105 ἀλλ’

507 3140 710 3230 ὅμοια
740 3144 825 3212 τὰ
857 3145 1082 3211 πάντα
1126 3148 1238 3212 καὶ
1284 3140 1579 3229 ὁμόχροα
1626 3140 1799 3210 εἶναι
1826 3146 1939 3209 καὶ
1970 3142 2255 3230 συνᾷδον
2283 3145 2367 3228 τῇ
2395 3143 2661 3231 κεφαλῇ

507 3247 580 3314 τὸ
632 3243 793 3313 ἄλλο
842 3249 1054 3329 σῶμα,
1102 3243 1192 3323 ὥς
1237 3244 1325 3333 μὴ
1367 3248 1652 3329 χρυσοῦν
1698 3246 1817 3328 μὲν
1846 3243 1920 3311 τὸ
1963 3244 2202 3328 κράνος
2249 3243 2370 3331 εἴη,
2405 3243 2665 3330 ’θώραξ
2706 3273 2724 3290 ·

509 3348 579 3415 δὲ
625 3347 801 3414 πάνυ
846 3348 1100 3433 γελοῖος
1146 3346 1214 3413 ἐκ
1257 3348 1473 3434 ῥακῶν
1517 3353 1741 3413 ποθεν
1784 3336 1826 3435 ἢ
1871 3345 1940 3412 ἐκ
1986 3345 2328 3433 δερμάτων
2374 3350 2659 3430 σαπρῶν

509 3454 1100 3535 συγκεκαττυμένος
1153 3452 1265 3515 καὶ
1320 3445 1360 3537 ἥ
1422 3442 1632 3526 ἀσπὶς
1699 3448 1955 3536 οἰσυΐνη
2014 3452 2124 3514 καὶ
2178 3454 2436 3535 χοιρίνη
2496 3451 2658 3532 περὶ

508 3564 656 3629 ταῖς
698 3551 995 3640 κνήμαις.
1084 3552 1254 3629 ι’δοις
1297 3550 1424 3637 γὰρ
1466 3579 1543 3618 αν
1593 3545 1943 3637 ἀφθόνους
1987 3549 2330 3626 τοιούτους
2377 3570 2663 3634 συγγρα-
2683 3561 2736 3610 32

509 3658 711 3742 φέας,
782 3657 898 3720 τοῦ
947 3650 1197 3721 Ῥοδίου
1262 3656 1587 3720 κολοσσοῦ
1646 3650 1764 3740 τὴν
1826 3649 2119 3739 κεφαλὴν
2186 3650 2465 3716 νανώδει
2524 3650 2659 3716 σώ-

508 3781 673 3840 ματι
718 3755 1184 3832 ἐπιτιθέντας’
1235 3752 1476 3831 α’λλους
1516 3751 1596 3820 αὖ
1638 3754 1930 3836 ε’μπαλιν
1977 3747 2281 3840 ἀκέφαλα
2308 3750 2392 3818 τὰ
2426 3750 2657 3834 σώμα-

509 3883 593 3923 τα
638 3857 1046 3944 εισάγοντας,
1093 3851 1598 3943 απροοιμίαστα
1641 3859 1754 3921 καὶ
1786 3850 1990 3932 εὐθὺς
2021 3853 2297 3921 ἐπὶτῶν
2344 3854 2658 3939 πραγμά-

509 3986 676 4044 των,
726 3964 793 4026 οἳ
834 3963 944 4026 καὶ
992 3958 1616 4043 προσεταιρίζονται
1665 3956 1782 4024 τὸν
1826 3958 2235 4042 Ξενοφῶντα
2281 3948 2490 4032 οὕτως
2536 3948 2659 4041 άρ-
