2800 4500
435 256 466 314 7
479 256 514 312 6
1336 257 1618 311 ΛΟΥΚΙΑΝ
1621 257 1707 310 ΟΥ

923 563 2107 644 ΑΠΟΚΗΡῩἹἽὉΜΕΝΟΣ.
2613 576 2680 627 159

604 743 1139 840 Ἀποκηρυχθείς
1195 776 1299 829 τις
1358 750 1658 840 ἰατρικὴν
1720 750 2030 835 ἐξέμαθε.
2129 756 2425 834 μανέντα
2480 748 2600 817 τὸν

441 859 705 939 πατέρα
747 858 859 921 καὶ
903 850 1038 921 ὑπὸ
1085 858 1220 921 τῶν
1266 850 1491 919 ἀλλων
1539 853 1784 938 ἰατρῶν
1838 847 2352 939 ἀπεγνωσμένον
2400 854 2600 919 ἰασά-

439 982 637 1040 μενος
682 951 1036 1045 φαρμάκου
1085 956 1273 1025 δόσει
1308 950 1660 1079 ἀνελήφθη
1694 941 1898 1034 αὖθις
1930 954 1998 1034 ἒς
2025 955 2101 1022 τὸ
2133 961 2341 1041 γένος.
2429 956 2600 1039 μετὰ

438 1063 653 1126 ταῦτα
694 1073 1061 1148 μεμηνυῑαν
1106 1057 1227 1148 τὴν
1272 1058 1600 1146 μητρυιὰν
1647 1059 1985 1125 ἰάσασθαι
2028 1053 2458 1142 κελευόμενος
2485 1062 2601 1125 καὶ

445 1165 649 1247 λέγων
694 1160 783 1250 μὴ
833 1161 1172 1229 δύνασθαι
1227 1155 1777 1261 ἀποκηρύττεται.

375 1275 409 1325 1
620 1273 675 1331 1.
748 1258 842 1331 Οὐ
901 1262 1097 1331 καινὰ
1151 1264 1272 1347 μὲν
1327 1266 1568 1345 ταῦτα,
1631 1260 1683 1329 ὥ
1745 1259 1978 1350 ἀνδρες
2037 1264 2377 1344 δικασταί,
2447 1257 2603 1330 ουδὲ

444 1366 800 1453 παράδοξα
844 1367 928 1433 τὰ
974 1363 1108 1433 ὕπὸ
1155 1370 1277 1433 τοῦ
1319 1366 1582 1452 πατρὸς
1628 1391 1697 1432 εν
1739 1369 1837 1452 vn]
1883 1366 2173 1452 παρόντι
2225 1365 2602 1453 γιγνόμενα,

449 1463 602 1536 οὐδὲ
647 1473 758 1536 νῦν
802 1473 1075 1555 πρῶτον
1117 1469 1202 1535 τὰ
1247 1473 1530 1536 τοιαῦτα
1585 1463 1953 1555 ὀργίζεται,
2015 1463 2183 1535 ἀλλὰ
2243 1469 2606 1557 πρόχειρος

450 1566 643 1650 οὗτος
688 1570 723 1639 ὃ
774 1571 976 1656 νόμος
1022 1566 1203 1658 αύτῷ
1253 1574 1366 1638 καὶ
1425 1571 1738 1659 συνήθως
1795 1571 1913 1639 ἐπὶ
1968 1565 2152 1638 τοῦτ’
2218 1565 2607 1660 ἀφικνεῖται

444 1671 523 1742 τό
573 1675 1018 1762 δικαστήριον.
1111 1673 1317 1742 ἐκεῖνο
1364 1675 1438 1740 δὲ
1497 1675 1882 1760 καινότερον
1940 1677 2051 1740 νῦν
2110 1675 2436 1756 δυστυχῶ,
2494 1667 2605 1740 ὅτι

449 1777 736 1865 ἔγκλημα
779 1778 899 1870 μὲν
944 1778 1121 1844 ἰ’διον
1169 1771 1284 1843 οὐκ
1329 1776 1485 1860 ἔχω,
1538 1777 1892 1844 κινδυνεύω
1940 1777 2011 1843 δὲ
2054 1784 2384 1865 τιμωρίαν
2428 1773 2606 1843 ὓπο-

451 1894 628 1962 σχεῖν
672 1876 844 1965 ὑπὲρ
892 1883 1005 1969 τῆς
1048 1884 1307 1968 τέχνης,
1369 1879 1432 1946 εἰ
1474 1878 1564 1964 μὴ
1617 1879 1841 1946 πάντα
1887 1879 2165 1946 δύναται
2215 1885 2608 1947 πείθεσθαι

1634 1976 1653 2001 2
1733 1972 1765 1998 n

449 1983 664 2069 τούτω
723 1982 1088 2068 κελεύοντι·
1150 1976 1228 2049 οὗ
1285 1987 1356 2049 τί
1410 1987 1630 2068 γένοιτ
1722 2008 1803 2048 αν
1863 1976 2322 2068 ἀτοπώτερον,
2393 1987 2606 2066 θερα-

452 2086 682 2153 πεύειν
737 2110 804 2152 εκ
861 2085 1410 2171 προστάγματος,
1481 2077 1714 2149 ουκέθ
1780 2109 1872 2161 ως
1937 2080 1974 2170 ἡ
2043 2088 2230 2171 τέχνη
2300 2083 2603 2165 δυναται,
2623 2101 2691 2151 160

453 2183 602 2257 ἀλλ’
655 2184 748 2267 ὥς
792 2183 826 2254 ὁ
889 2186 1113 2277 πατὴρ
1171 2186 1524 2273 βούλεταη
1581 2185 1948 2274 ἐβουλόμην
2004 2185 2123 2270 μὲν
2180 2175 2258 2252 ἂν
2314 2183 2435 2272 τὴν
2497 2186 2606 2252 ἰα-

449 2292 676 2383 τρικὴν
720 2294 834 2358 καὶ
875 2289 1181 2358 τοιοῦτόν
1225 2316 1292 2356 τι
1338 2289 1509 2372 ἔχειν
1554 2289 1937 2375 φάρμακον,
1983 2287 2019 2355 ὃ
2064 2287 2154 2378 μὴ
2200 2285 2407 2373 μόνον
2453 2289 2608 2367 τοὺς

447 2395 855 2485 μεμηνότας,
927 2388 1096 2459 ἀλλὰ
1151 2395 1262 2458 καὶ
1320 2390 1479 2469 τοὺς
1541 2386 1787 2469 ἀδίκως
1844 2385 2306 2478 ὀργιζομένους
2361 2391 2606 2458 παύειν

450 2497 759 2577 ἐδύνατο,
819 2496 933 2563 ἵνα
974 2497 1087 2560 καὶ
1129 2497 1327 2560 τοῦτο
1372 2497 1493 2559 τοῦ
1537 2491 1798 2580 πατρὸς
1841 2492 1917 2559 τὸ
1967 2493 2227 2582 νόσημα
2286 2492 2605 2581 ἰασάμην.

450 2603 593 2665 νυνὶ
639 2598 712 2665 δὲ
755 2596 839 2663 τὰ
885 2597 1006 2680 μὲν
1051 2599 1171 2681 τῆς
1212 2600 1462 2678 μανίας
1507 2588 1692 2680 αύτῷ
1734 2596 1961 2660 τέλεον
2006 2599 2374 2675 πέπαυται,
2422 2593 2508 2660 τὰ
2543 2595 2611 2662 δὲ

450 2704 568 2788 τῆς
619 2695 817 2788 ὀργῆς
871 2699 1125 2781 μᾶλλον
1183 2697 1625 2764 ἐπιτείνεται·
1682 2700 1792 2764 καὶ
1853 2695 1929 2763 τὸ
1991 2695 2405 2777 δεινότατον,
2470 2712 2613 2776 τοῖς

449 2803 570 2887 μὲν
618 2796 849 2878 ἀλλοις
892 2794 1116 2867 ἅπασι
1163 2813 1519 2887 σωφρονεῖ,
1572 2794 1725 2865 κατ’
1779 2799 1940 2883 ἐμοῦ
1986 2799 2058 2866 δὲ
2103 2802 2220 2866 τοῦ
2266 2800 2614 2885 θεραπεύ-

453 2927 694 2982 σαντος
736 2902 945 2987 μόνου
990 2908 1323 2986 μαίνεται.
1415 2901 1531 2968 τὸν
1582 2903 1703 2985 μὲν
1749 2887 1864 2968 οὖν
1920 2900 2178 2985 μισθὸν
2234 2905 2352 2990 τῆς
2398 2907 2612 2989 θερα-

454 3012 654 3084 πείας
699 3002 899 3091 ὃρᾶτε
944 3005 1089 3072 οἷον
1135 2997 1620 3088 ἀπολαμβάνω,
1669 2997 2292 3093 ἀποκηρυττόμενος
2327 2998 2454 3069 ὑπ’
2494 2998 2612 3070 αύ-

451 3112 572 3175 τοῦ
616 3107 823 3175 πάλιν
866 3110 981 3173 καὶ
1024 3109 1142 3171 τοῦ
1184 3111 1413 3191 γένους
1474 3099 2025 3192 ἀλλοτριούμενος
2083 3105 2417 3192 δεύτερον,
2476 3099 2610 3172 ὥσ-

437 3232 582 3298 περ
630 3207 741 3277 διὰ
790 3202 973 3275 τοῦτ’
1030 3203 1454 3296 ἀναληφθεὶς
1512 3205 1685 3294 πρὸς
1740 3201 1999 3293 ὀλίγον,
2056 3201 2148 3274 ἵν’
2216 3201 2612 3296 ἀτιμότερος

380 3334 418 3388 2
453 3319 747 3398 γένωμαι
792 3309 1116 3388 πολλάκις
1162 3309 1461 3376 ἐκπεσων
1507 3313 1624 3398 τῆς
1668 3309 1900 3386 οἰκίας.
1991 3315 2050 3376 2.
2098 3309 2221 3396 ἐγώ
2261 3310 2332 3376 δὲ
2378 3309 2448 3377 ἐν
2490 3311 2610 3395 μὲν

451 3429 596 3492 τοῖς
641 3414 948 3491 δυνατοῖς
989 3406 1179 3479 οὐδὲν
1232 3414 1677 3497 κελευσθῆναι
1732 3416 2104 3497 περιμένω·
2160 3437 2395 3498 πρῳην
2454 3417 2610 3498 γοῦν

455 3514 736 3605 άκλητος
790 3509 948 3605 ἧκον
1011 3514 1127 3582 ἐπὶ
1185 3513 1301 3602 τὴν
1355 3513 1706 3600 βοήθειαν.
1796 3513 1957 3580 ὅταν
2015 3514 2087 3581 δέ
2143 3540 2211 3580 τι
2265 3511 2306 3602 ᾖ
2366 3518 2611 3595 τελέως

455 3615 985 3707 ἀπεγνωσμένον,
1034 3611 1183 3684 οὐδ’
1231 3617 1591 3702 επιχειρεῑν
1619 3615 1968 3701 βούλομαι.
2057 3615 2171 3685 ἐπὶ
2219 3617 2292 3683 δὲ
2335 3621 2452 3707 τῆς
2496 3645 2609 3705 γυ-

455 3722 681 3800 ναικὸς
724 3721 968 3810 ταύτης
1025 3720 1297 3798 εἰκότως
1352 3722 1464 3786 καὶ
1524 3712 1972 3803 ἀτολμότερός
2028 3718 2199 3803 εἰμι’
2259 3720 2609 3805 λογίζομαι

451 3823 575 3911 γὰρ
622 3824 732 3891 οἷα
778 3816 1077 3906 πάθοιμ’
1132 3812 1211 3890 ὀῖν
1257 3818 1390 3888 ὖπό
1438 3825 1558 3887 τοῦ
1600 3819 1861 3906 πατρὸς
1913 3815 2285 3904 ἀποτυχών,
2331 3820 2407 3900 ὃς
2456 3817 2607 3890 ούδὲ

454 3921 820 4010 ἀρξάμενος
862 3930 979 4014 τῆς
1032 3930 1413 4009 θεραπείας
1472 3917 2035 4012 ἀποκηρύττομαι.
2127 3918 2433 4008 ἄχθομαι
2488 3926 2608 4010 μὲν

455 4015 587 4110 οὖν,
636 4015 689 4094 ὦ
737 4024 968 4113 ἅνδρες
1014 4027 1344 4106 δικασταί,
1398 4024 1516 4091 ἐπὶ
1559 4028 1640 4112 τῇ
1685 4028 1973 4113 μητρυιᾷ
2012 4027 2324 4107 χαλεπαῖς
2369 4023 2604 4116 ἐχούσῃ
