2800 4500
829 259 980 312 ΠΕΡΙ
1014 260 1142 312 ΤΗΣ
1177 260 1646 315 ΑΣΤΡΟΔΟΓΙΗΣ.
2189 257 2308 316 171

151 420 439 512 Ἑρμέω,·
504 419 655 492 ἀλλ’
733 421 918 495 οὗτοι
986 427 1259 507 ἕκαστος
1326 423 1540 497 αὐτῶν
1600 430 1960 517 θεοφιλέες
2011 427 2310 515 ἐγένοντο

159 531 267 594 καὶ
319 535 519 615 σφίσι
564 534 982 614 γενομένοισι
1025 535 1121 617 τῷ
1163 532 1284 615 μὲν
1323 525 1775 621 ἡἈφροδίτη,
1822 535 1919 618 τῷ
1950 532 2023 598 δὲ
2053 527 2087 598 ὁ
2122 529 2309 611 Ζεύς,

159 634 257 716 τῷ
301 631 374 696 δὲ
419 627 454 697 ὁ
504 626 702 719 Ἄρης
748 630 1167 718 ἐπέβλεψαν·
1225 629 1459 701 ὁκόσοι
1512 632 1638 721 γὰρ
1698 632 1775 723 δὴ
1839 627 2310 718 ἆνθρώποισιν

68 732 232 799 369έν
284 737 363 817 τῇ
419 736 606 821 γενεῇ
663 734 870 821 ταύτῃ
927 734 1589 819 οἰκοδεσποτέουσιν,
1647 729 1834 803 οὗτοι
1878 729 2047 814 ὅκως
2088 741 2310 815 τοκέες

162 834 473 903 ἑωυτοῖσι
530 836 756 903 πάντα
810 837 1032 904 εἴκελα
1077 837 1448 907 ἐκτελέουσι
1490 842 1603 906 καὶ
1641 838 1845 927 χρόην
1887 842 1997 906 καὶ
2041 837 2310 927 μορφὴν

159 939 267 1003 καὶ
326 936 486 1058 ἔργα
543 941 652 1005 καὶ
703 940 1034 1029 διανοίην,
1092 943 1203 1008 καὶ
1245 940 1563 1026 βασιλεὺς
1605 942 1726 1027 μὲν
1769 937 1804 1008 ὁ
1854 947 2096 1019 Μίνως
2139 939 2309 1019 Διὸς

158 1033 550 1125 ἡγεομένου,
609 1040 814 1119 καλὸς
872 1042 945 1108 δὲ
1002 1041 1289 1130 Αἰνείης
1335 1038 1740 1132 Ἀφροδίτης
1795 1041 2111 1129 βουλήσει
2167 1041 2309 1129 ἐγε-

161 1166 326 1222 νετο,
372 1141 661 1232 κλέπτης
707 1143 779 1209 δὲ
820 1137 1235 1225 Αυτόλυκος,
1281 1141 1319 1232 ἦ
1369 1145 1442 1211 δέ
1488 1147 1554 1212 οἱ
1597 1143 1910 1234 κλεπτικὴ
1957 1138 2032 1223 εξ
2064 1140 2308 1229 Ἑρμέω

160 1237 462 1310 ἀπίκετο.
540 1249 641 1311 21.
689 1270 764 1311 ου
810 1246 931 1329 μὲν
977 1272 1068 1313 ων
1115 1240 1269 1313 ουδὲ
1313 1246 1431 1314 τὸν
1474 1246 1735 1332 Κρόνον
1779 1243 1814 1313 ὁ
1862 1244 2032 1324 Ζεὺς
2077 1245 2396 1335 ε’δησεν21

160 1337 385 1411 obde—²
360 1370 429 1423 ες
481 1346 829 1432 Τάρταρον
875 1348 1152 1435 έρριψεν
1198 1342 1351 1415 οὐδὲ
1395 1347 1482 1416 τὰ
1546 1344 1717 1415 αλλα
1763 1347 2054 1436 ἐμήσατο
2101 1344 2310 1416 ὁκόσα

160 1441 523 1530 άνθρωποι
581 1448 992 1533 νομίζουσιν,
1055 1443 1224 1516 ἀλλὰ
1284 1449 1560 1538 φέρεται
1618 1449 1745 1537 γάρ
1803 1446 1838 1517 ὁ
1888 1450 2148 1534 Κρόνος
2191 1449 2310 1539 τὴν

156 1653 265 1716 καὶ
326 1644 402 1718 οὗ
463 1653 687 1742 ῥηιδίη
745 1668 923 1722 τοῖσι
987 1647 1427 1738 ἀνθρώποισι
1478 1650 1823 1740 ὁρέεσθαι.
1914 1654 2018 1721 διὸ
2068 1654 2146 1742 δή
2192 1682 2309 1741 μιν

158 1751 433 1822 ἑστάναι
465 1749 825 1841 λέγουσιν
798 1750 968 1835 όκως
1001 1757 1488 1845 πεπεδημένον.
1533 1756 1609 1824 τὸ
1660 1756 1732 1823 δὲ
1759 1756 1985 1840 βάθος
2028 1757 2102 1826 τὸ
2136 1761 2307 1826 πολ-

156 1853 271 1923 λὸν
316 1859 439 1923 τοῦ
480 1850 676 1944 ἠέρος
727 1858 1072 1946 Τάρταρος
1115 1860 1445 1926 καλέεται.
1520 1864 1623 1926 22.
1666 1858 1961 1944 μάλιστα
2006 1853 2069 1926 δ’
2123 1860 2193 1927 ἔκ
2235 1867 2394 1928 τε22

151 1953 437 2046 Ὁμήρου
493 1963 613 2026 τοῦ
668 1965 967 2050 ποιητέω
1011 1964 1123 2028 καὶ
1167 1965 1301 2027 τῶν
1340 1957 1655 2028 Ἡσιόδου
1701 1960 1918 2027 ἐπέων
1961 1962 2183 2045 μάθοι
2230 1960 2311 2031 ἄν

153 2084 253 2137 τις
297 2058 384 2126 τὰ
433 2060 653 2129 πάλαι
683 2076 827 2140 τοῖς
872 2057 1429 2150 ἀστρολογέουσιν
1460 2060 1961 2152 ὁμοφωνέοντα.
2037 2050 2175 2130 εὖτ’
2227 2055 2309 2132 ἂν

158 2160 226 2227 δὲ
279 2160 405 2252 τὴν
463 2163 689 2252 σειρὴν
745 2168 864 2231 τοῦ
905 2165 1078 2243 Διὸς
1139 2159 1515 2256 ἀπηγέηται
1570 2168 1682 2233 καὶ
1727 2169 1844 2233 τοῦ
1880 2159 2144 2233 Ἠελίου
2187 2165 2309 2245 τὰς

154 2264 338 2347 βόας,
383 2264 468 2332 τὰ
517 2265 594 2353 δὴ
645 2266 769 2354 ἐγώ
816 2263 1043 2358 ἤματα
1088 2265 1259 2336 εἶναι
1305 2268 1807 2354 συμβάλλομαι,
1853 2271 1965 2336 καὶ
2006 2266 2129 2346 τὰς
2173 2269 2305 2336 πό-

158 2373 305 2446 λιας
334 2367 460 2447 τὰς
491 2368 560 2435 ἐν
593 2373 672 2453 τῇ
704 2364 953 2438 άσπίδι
967 2363 1349 2458 Ηφαιστος
1394 2370 1768 2460 ἐποιήσατο
1812 2373 1922 2437 καὶ
1964 2370 2080 2437 τὸν
2105 2371 2306 2459 χορὸν

155 2474 262 2538 καὶ
320 2469 442 2560 τὴν
506 2465 753 2560 ἇλωήν.
843 2471 926 2538 τὰ
983 2473 1105 2556 μὲν
1161 2471 1287 2558 γὰρ
1345 2468 1555 2539 ὁκόσα
1612 2470 1679 2550 ἒς
1741 2470 1859 2561 τὴν
1904 2468 2305 2561 Ἀφροδίτην

159 2567 339 2659 αὐτῷ
384 2576 499 2640 καὶ
540 2577 659 2640 τοῦ
681 2568 913 2660 ,Ἄρεος
954 2573 1073 2664 τὴν
1116 2581 1419 2663 μοιχείην
1464 2576 1763 2642 λέλεκται
1804 2578 1916 2642 καὶ
1957 2573 2042 2640 τὰ
2088 2573 2305 2664 ἐμφα-

160 2680 273 2741 νέα
331 2669 446 2742 οὖκ
480 2671 799 2773 ,άλλοθεν
856 2666 897 2765 ἢ
955 2674 1027 2742 ἐκ
1068 2677 1268 2765 τῆσδε
1311 2680 1428 2762 τῆς
1474 2682 1719 2764 σοφίης
1761 2682 2217 2797 πεποιημένα·
2263 2674 2301 2765 ἡ

162 2775 279 2862 γὰρ
328 2776 404 2867 δὴ
453 2803 546 2841 ων
568 2771 971 2867 Ἀφροδίτης
998 2781 1112 2845 καὶ
1155 2782 1273 2844 τοῦ
1297 2773 1526 2865 Ἀρεος
1556 2775 1928 2868 ὁμοδρομίη
1960 2778 2079 2869 τὴν
2104 2776 2305 2867 Ὁμή-

74 2889 157 2939 3⁵10
173 2904 278 3002 ρου
335 2873 569 2967 ἇοιδὴν
630 2874 1108 2966 ἀπεργάζεται·
1170 2880 1238 2948 ἐν
1299 2875 1565 2948 αλλοισι
1622 2880 1695 2947 δὲ
1749 2881 1945 2949 ε’πεσι
2006 2881 2090 2948 τὰ
2148 2882 2304 2969 έργα

173 2979 434 3048 εκάστου
482 3007 703 3048 αυτων
751 2982 1116 3068 διωρίσατο
1162 3009 1240 3070 τῃ
1215 2975 1632 3070 Ἀφροδίτῃ
1679 2982 1799 3066 μὲν
1846 2982 2077 3061 εἰπων,

328 3077 502 3149 ἀλλὰ
551 3082 630 3149 σύ
675 3077 741 3169 γ’
797 3083 1147 3171 ἱμερόεντα
1190 3089 1501 3170 μετέρχεο
1548 3082 1707 3171 ἔργα
1749 3083 2025 3170 γάμοιο·

170 3182 244 3247 τὰ
287 3185 357 3250 δὲ
400 3188 522 3251 τοῦ
568 3187 888 3269 πολέμου,

325 3292 536 3354 ταῦτα
584 3280 648 3352 δ>
679 3282 869 3376 Ἄρηι
912 3290 1067 3373 θοῷ
1108 3288 1218 3354 καὶ
1242 3281 1498 3374 Ἀθήνῃ
1545 3287 1772 3353 πάντα
1815 3287 2109 3375 μελήσει.

170 3381 266 3455 23.
312 3382 480 3474 ὅπερ
514 3389 582 3457 οἱ
612 3391 900 3456 παλαιοὶ
940 3384 1195 3467 ἰδόντες
1237 3388 1533 3473 μάλιστα
1573 3395 1971 3477 μαντηίῃσιν
2002 3388 2390 3477 ἐχρέοντο23

172 3492 271 3556 καὶ
335 3485 408 3557 οὗ
476 3490 812 3577 πάρεργον
885 3485 1088 3577 αὐτὴν
1155 3490 1507 3558 ἐποιέοντο
1522 3542 1539 3571 ,
1615 3484 1763 3557 ἀλλ’
1839 3488 1991 3558 οὔτε
2056 3487 2303 3572 πόλιας

171 3586 391 3675 ᾤκιζον
436 3588 590 3660 οὗτε
632 3600 852 3675 τείχεα
898 3593 1420 3680 περιεβάλλοντο
1466 3588 1619 3659 οὔτε
1664 3592 1910 3681 φόνους
1954 3593 2302 3682 ἐργάζοντο

177 3689 316 3761 ου’τε
341 3708 667 3821 rQvantae&
712 3694 1011 3781 ἐγάμεον,
1059 3699 1223 3783 πρὶν
1269 3722 1349 3762 αν
1395 3693 1473 3782 δὴ
1527 3693 1716 3781 παρὰ
1759 3695 2060 3781 μάντεων
2107 3691 2302 3764 ἆκοῦ-

178 3816 285 3862 σαι
341 3796 611 3864 έκαστα·
682 3800 817 3865 καὶ.
859 3797 985 3887 γὰρ
1054 3797 1132 3884 δὴ
1192 3797 1276 3864 τὰ
1332 3791 1623 3884 μαντήια
1682 3791 1948 3866 αυτοῖσι
2005 3824 2120 3865 ουκ
2175 3799 2300 3877 έξω

181 3889 600 3988 ἀστρολογίης
641 3926 741 3985 ην,
790 3893 960 3965 αλλὰ
1004 3897 1192 3988 παρὰ
1236 3900 1357 3984 μὲν
1400 3901 1737 3988 Δελφοῖσι
1779 3905 2126 3982 παρθένος
2170 3900 2301 3983 έχει

183 3995 292 4081 τὴν
344 4007 756 4091 προφητείην
815 4002 1146 4087 σύμβολον
1201 4005 1318 4089 τῆς
1373 4007 1724 4088 παρθένου
1790 4005 1906 4089 τῆς
1972 3996 2299 4090 ουρανίης,
