2800 4500
881 246 1568 302 ΑΠΟΚΗΡΥΤΤΟΜΕΝΟΣ.
2219 244 2303 303 79

141 415 540 503 ἔμπροσθεν
625 416 890 484 ἐκείνων
977 411 1571 503 ἀπολογούμενος.
1665 420 1862 484 τοῦτο
1948 418 2300 504 γενόμενον

142 514 463 607 εὔφραινε
528 520 651 604 μὲν
708 520 1031 602 πολλούς,
1100 513 1385 606 όσοιπερ
1452 506 1627 606 ἦσαν
1686 526 1999 610 χρηστοί,
2067 520 2300 588 ἐλύπει

143 623 216 689 δὲ
262 621 585 704 ἐκείνους,
645 615 832 701 όσοις
884 617 1290 712 ἀποκήρυξις
1343 619 1553 709 ἡδίων
1613 618 2033 712 ἀναλήψεως.
2120 621 2299 690 εἶδον

47 735 125 785 164
139 728 297 811 γοῦν
365 724 523 791 τότε
587 718 664 792 οὗ
732 725 992 803 πάντας
1057 721 1311 810 ὅμοίως
1365 722 1729 814 ἡδομένους
1779 730 1876 813 τῷ
1933 725 2296 812 πράγματι,

142 821 293 893 ἀλλ’
351 821 558 906 εὐθύς
600 852 786 906 τινος
827 830 938 895 καὶ
978 828 1185 914 χρόαν
1234 833 1650 916 τρεπομένην
1704 832 1815 896 καὶ
1872 830 2135 913 βλέμμα
2191 853 2297 895 τε-

136 936 558 1016 ταραγμένον
598 932 709 997 καὶ
766 931 1140 1017 πρόσωπον
1196 924 1636 1017 ὠργισμένον,
1699 931 1841 999 οἷον
1901 930 1969 997 ἐκ
2028 930 2295 1019 φθόνου

136 1035 254 1108 καὶ,
295 1039 542 1116 μίσους
581 1039 858 1119 γίνεται.
943 1032 1136 1122 ἡμεῖς
1179 1035 1300 1118 μὲν
1346 1020 1493 1115 οὖν,
1541 1030 1635 1112 ὥς
1676 1032 1752 1100 τὸ
1801 1033 2008 1114 εἰκός,
2069 1032 2137 1100 ἐν
2185 1026 2292 1099 εὗ-

137 1135 515 1223 φροσύναις
577 1138 687 1203 καὶ
754 1136 1128 1225 θυμηδίαις
1191 1161 1356 1221 ημεν
1424 1130 1751 1225 ἀλλήλους
1817 1130 2291 1224 ἀπειληφότες.

135 1246 197 1306 6.
245 1235 287 1327 ἦ
333 1239 626 1327 μητρυιὰ
669 1240 742 1307 δὲ
785 1238 954 1324 μετὰ
997 1237 1233 1324 μικρὸν
1269 1234 1478 1318 εὐθὺς
1506 1253 1726 1307 νοσεῖν
1756 1234 2024 1325 ἤρξατο,
2070 1238 2286 1320 νόσον,
2322 1255 2362 1311 6

134 1328 194 1408 ὦ
239 1337 480 1427 ἄνδρες
531 1342 873 1418 δικασταί,
928 1341 1227 1431 χαλεπὴν
1281 1344 1393 1409 καὶ
1452 1341 1872 1469 παράλογον·
1931 1337 2295 1429 ἀρχόμενον

132 1444 264 1532 γὰρ
310 1439 519 1522 εὐθὺς
559 1442 637 1511 τὸ
687 1443 906 1511 δεινὸν
963 1444 1444 1532 παρεφύλαξα·
1502 1440 1581 1511 οὗ
1635 1445 1761 1532 γὰρ
1819 1440 2079 1512 ἁπλοῦν
2138 1438 2293 1511 οὐδὲ

136 1547 553 1615 ἐπιπόλαιον
595 1550 714 1633 τῆς
756 1553 1001 1631 μανίας
1056 1546 1132 1615 τὸ
1197 1544 1406 1627 εἶδος,
1467 1542 1637 1615 ἀλλά
1692 1574 1762 1615 τι
1816 1548 2035 1615 πάλαι
2090 1544 2291 1614 ὗποι-

133 1653 417 1736 κουροῦν
469 1647 538 1716 ἐν
595 1654 678 1738 τῇ
733 1654 914 1737 ψυχῇ
971 1650 1172 1719 κακὸν
1231 1645 1562 1739 ἀπέρρηξε
1617 1653 1731 1718 καὶ
1789 1650 1857 1728 ἐς
1910 1644 2291 1738 τούμφανὲς

135 1752 487 1841 ἐξενίκησε.
578 1753 799 1820 πολλὰ
842 1754 962 1838 μὲν
1008 1740 1123 1821 ούν
1167 1758 1279 1821 καὶ
1312 1749 1483 1820 ἄλλα
1511 1750 1672 1840 ἡμῖν
1704 1749 1851 1821 ἐστι
1882 1766 2128 1844 σημεῖα
2158 1756 2291 1819 τῶν

136 1850 432 1933 ἀνιάτως
474 1856 895 1945 μεμηνότων,
955 1859 1025 1924 ἓν
1070 1858 1142 1925 δὲ
1187 1851 1395 1924 ἐκεῖνο
1441 1857 1673 1925 καινὸν
1716 1852 1835 1924 ἐπὶ
1890 1860 2009 1945 τῆς
2062 1882 2290 1942 γυναι-

134 1957 247 2037 κὸς
289 1958 542 2047 ταύτης
586 1959 1064 2047 παρεφύλαξα·
1112 1959 1285 2044 πρὸς
1329 1960 1449 2044 μὲν
1493 1959 1621 2047 γὰρ
1649 1959 1808 2038 τοὺς
1852 1955 2096 2038 ἄλλους
2124 1956 2289 2048 ἡμε-

137 2066 398 2147 ρωτέρα
426 2065 538 2129 καὶ
571 2062 823 2145 πραεῖά
855 2056 1002 2129 ἐστι
1029 2066 1141 2130 καὶ
1188 2061 1594 2152 [παρόντων]
1633 2063 1893 2152 εἰρήνην
1926 2058 2073 2149 ἄγει
2101 2057 2139 2146 ἥ
2173 2061 2287 2129 νό-

137 2186 270 2246 σος,
320 2155 404 2230 ἀν
436 2164 510 2230 δέ
537 2190 692 2231 τινα
724 2163 955 2252 ἰατρὸν
987 2165 1096 2254 ἰ’δῃ
1127 2155 1170 2252 ἢ
1198 2169 1309 2233 καὶ
1354 2160 1541 2233 ταῦτ’
1581 2160 1828 2254 ἀκούσῃ
1859 2166 2083 2252 μόνον,
2128 2157 2278 2230 κατ’

141 2262 392 2335 κείνου
434 2267 733 2352 μάλιστα
775 2268 1258 2354 παροξύνεται,
1316 2268 1490 2355 ὅπερ
1532 2272 1644 2336 καὶ
1693 2264 1853 2336 αὐτὸ
1912 2273 2031 2336 τοῦ
2076 2269 2287 2357 πονή-

141 2396 274 2458 ρως
313 2374 429 2438 καὶ
475 2365 916 2461 ἀνηκέστως”
881 2395 1050 2454 εχειν
1081 2366 1220 2439 εστὶ
1251 2373 1625 2461 τεκμήριον.
1713 2376 1923 2439 ταῦτα
1952 2368 2129 2455 ὁρῶν
2158 2369 2282 2458 ἐγώ

49 2492 121 2542 165
137 2475 255 2559 μὲν
298 2468 599 2564 ἠνιώμην
642 2478 754 2543 καὶ
797 2472 917 2559 τὴν
957 2489 1234 2560 γυναῖκα
1278 2471 1592 2563 ᾤκτειρον
1635 2473 1911 2553 ἀναξίαν
1942 2496 2146 2541 ουσαν
2175 2477 2284 2541 καὶ

137 2577 319 2663 παρὰ
355 2577 432 2646 τὸ
467 2582 812 2668 προσῆκον
839 2579 1305 2661 δυστυχοῦσαν.
1396 2585 1455 2644 7.
1502 2574 1537 2644 6
1573 2577 1796 2667 πατὴρ
1829 2572 1962 2643 δὲς
1929 2575 2062 2643 υπὸ
2100 2576 2289 2644 ἰδιω-
2323 2590 2355 2643 ’2

137 2687 317 2759 τείας
345 2721 431 2730 -
461 2679 539 2748 οὗ
583 2680 709 2768 γὰρ
742 2678 920 2748 οἶδεν
957 2706 1110 2748 ουτε
1138 2680 1255 2770 τὴν
1289 2674 1492 2767 ἀρχὴν
1523 2683 1643 2746 τοῦ
1671 2684 2057 2763 κατέχοντος
2085 2683 2288 2747 κακοῦ

142 2808 286 2850 ουτε
327 2784 449 2874 τὴν
498 2783 724 2851 αἰτίαν
767 2808 921 2851 ουτε
963 2783 1040 2850 τὸ
1087 2788 1328 2868 μέτρον
1371 2786 1491 2849 τοῦ
1543 2782 1820 2861 πάθους
1866 2820 1945 2832 -
1991 2777 2288 2850 εκέλευεν

144 2885 383 2953 ἰᾶσθαι
425 2889 537 2953 καὶ
583 2885 659 2952 τὸ
707 2878 944 2970 όμοιον
990 2880 1208 2973 εγχέαι
1253 2884 1639 2974 φάρμακον·
1686 2880 1857 2972 ᾤετο
1898 2883 2029 3008 γὰρ
2075 2887 2144 2953 ἓν
2190 2882 2285 2953 εἶ-

143 3014 245 3055 ναι
284 2996 534 3073 μανίας
578 2985 758 3067 εἶδος
796 2992 908 3056 καὶ
952 2996 1114 3074 μίαν
1157 2988 1277 3078 τὴν
1322 2989 1522 3057 νόσον
1574 2991 1686 3055 καὶ
1743 2987 1818 3055 τὸ
1881 2985 2285 3078 ἀρρώστημα

141 3085 373 3158 ταύτὸν
446 3095 561 3159 καὶ
633 3094 1121 3180 παραπλησίαν
1192 3090 1310 3180 τὴν
1382 3097 1765 3178 θεραπείαν
1841 3090 2280 3175 ενδεχόμενον.

146 3191 281 3261 ἐπεὶ
327 3194 437 3274 δέ,
500 3186 669 3279 ὅπερ
718 3191 1211 3283 ἀληθέστατον,
1260 3192 1589 3261 ἀδύνατον
1643 3190 1816 3260 εἶναί
1861 3218 2035 3281 φημι
2081 3191 2282 3272 σώζε-

150 3303 305 3365 σθαι
348 3296 473 3385 τὴν
516 3309 793 3383 γυναῖκα
835 3299 949 3364 καὶ
992 3292 1334 3385 ἡττῆσθαι
1377 3292 1513 3361 ὑπὸ
1561 3299 1680 3384 τῆς
1723 3295 1924 3362 νόσου
1956 3292 2279 3381 ὁμολογῶ,

152 3392 491 3484 ἀγανακτεῖ
531 3403 646 3467 καὶ
688 3393 1022 3486 ὀργίζεται
1079 3404 1193 3464 καί
1249 3421 1456 3487 φησιν
1515 3397 1749 3465 ἑκόντα
1803 3403 2281 3486 καθυφίεσθαι

147 3507 246 3570 καὶ
287 3502 693 3587 προδιδόναι
734 3501 854 3590 τὴν
900 3497 1272 3585 ἄνθρωπον
1285 3552 1302 3581 ,
1362 3500 1652 3587 ἐγκαλῶν
1706 3500 1856 3584 ἐμοὶ
1899 3499 2019 3587 τὴν
2068 3494 2282 3567 ἀσθέ-

149 3629 311 3670 νειαν
353 3610 474 3691 τῆς
516 3610 763 3693 τέχνης.
852 3608 963 3672 καὶ
999 3603 1246 3686 πάσχει
1275 3605 1396 3687 μὲν
1428 3602 1502 3669 τὸ
1539 3603 1827 3692 σύνηθες
1856 3618 2001 3683 τοῖς
2033 3606 2281 3672 λυπου-

149 3712 384 3786 μένοις·
457 3701 836 3795 ὀργίζονται
897 3711 1055 3793 γοῦν
1115 3700 1412 3783 ἅπαντες
1466 3721 1610 3785 τοῖς
1668 3706 1835 3790 μετὰ
1898 3714 2282 3796 παρρησίας

148 3803 393 3898 τάληθῆ
440 3812 723 3896 λέγουσι.
813 3809 989 3896 πλὴν
1035 3809 1237 3896 ἔγωγε
1280 3807 1371 3888 ὥς
1418 3800 1498 3876 ἀν
1544 3810 1688 3888 οἶός
1715 3835 1789 3877 τε
1819 3797 1894 3891 αἶ,
1943 3811 2279 3879 δικαιολο-

151 3911 421 3997 γήσομαι
467 3910 644 3997 πρὸς
686 3906 887 3980 αὐτὸν
943 3916 1056 3979 καὶ
1112 3909 1288 3997 ὑπὲρ
1345 3912 1634 3995 ἐμαυτοῦ
1691 3916 1803 3980 καὶ
1857 3917 1977 3998 τῆς
2031 3919 2278 3998 τέχνης.

154 4018 208 4080 8.
244 4019 346 4082 καὶ
392 4015 664 4102 πρῶτόν
705 4040 779 4100 γε
825 4009 963 4082 ἀπὸ
1012 4019 1131 4082 τοῦ
1176 4015 1381 4099 νόμου
1414 4011 1721 4099 ἄρξομαι,
1765 4009 1932 4081 καθ’
1971 4014 2048 4082 ὃν
2079 4008 2274 4092 οὗτός
2308 4032 2343 4086 8
