2800 4500
905 248 1206 301 ΑΛΗΘΟΥΣ
1242 247 1539 301 ΙΣΤΟΡΙΑΣ
1564 249 1619 301 Β.
2259 247 2333 305 61

174 412 666 505 ἒκοιμήθημεν.
744 424 845 486 37.
882 417 1097 487 ἕωθεν
1131 419 1200 484 δὲ
1234 412 1628 507 ἀνηγόμεθα
1673 418 2124 505 σφοδρότερον
2154 420 2414 484 κατι-87

178 515 380 599 όντος
437 525 559 587 τοῦ
618 521 1034 605 πνεύματος·
1095 525 1202 588 καὶ
1253 520 1329 608 δὴ
1384 526 1870 605 χειμασθέντες
1928 517 2179 610 ἡμέρας
2224 520 2342 586 δύο

178 628 266 710 τῇ
298 629 493 710 τρίτῃ
528 630 1030 711 περιπίπτομεν
1059 638 1203 702 τοῖς
1234 626 2009 710 Κολοκυνθοπειραταῖς.
2072 619 2344 710 ἅνθρω-

183 753 312 792 ποι
349 727 425 792 δέ
457 726 630 792 εἰσιν
663 719 847 793 οὗτοι
881 722 1101 812 άγριοι
1133 721 1202 793 εκ
1231 730 1365 792 τῶν
1397 727 1688 813 πλησίον
1741 726 1958 813 νήσων
1995 725 2345 812 λῃστεύον-

77 845 169 896 132
183 855 294 908 τες
325 827 489 907 τοὺς
527 832 1069 915 παραπλέοντας.
1144 829 1227 895 τὰ
1260 832 1470 897 πλοῖα
1499 830 1571 896 δὲ
1603 829 1825 911 ἔχουσι
1869 828 2124 915 μεγάλα
2152 831 2346 895 κολο-

183 934 483 1000 κύνθινα
528 931 602 999 τὸ
650 936 857 1021 μῆκος
912 933 1176 1018 πήχεων
1235 931 1579 1022 ἑξήκοντα·
1641 927 1919 998 ἐπειδάν
1975 931 2101 1018 γὰρ
2149 931 2348 1020 ξηρά-

187 1058 359 1101 νωσι
420 1033 542 1122 τὴν
598 1033 1043 1116 κολόκυνθαν,
1110 1035 1537 1112 κοιλάναντες
1597 1028 1799 1124 αὐτὴν
1854 1036 1963 1101 καὶ
2021 1028 2352 1112 ἐξελόντες

185 1141 311 1227 τὴν
375 1130 767 1265 εντεριώνην
829 1136 1266 1221 εμπλέουσιν,
1328 1138 1542 1214 ἱστοῖς
1592 1137 1712 1220 μὲν
1762 1136 2088 1219 χρώμενοι
2149 1139 2352 1204 καλα-

60 1226 67 1235 *
188 1248 452 1324 μίνοις,
515 1235 662 1306 ἀντὶ
709 1240 781 1306 δὲ
806 1244 954 1362 Ήτῆς
994 1234 1248 1328 οθόνης
1305 1243 1403 1326 τῷ
1462 1239 1696 1326 φύλλῳ
1751 1243 1868 1327 τῆς
1924 1240 2353 1329 κολοκύνθης.

188 1341 701 1426 προσβαλόντες
757 1328 872 1408 ουν
918 1338 1074 1430 ἡμῖν
1133 1335 1270 1409 άπὸ
1332 1341 1449 1407 δύο
1507 1342 1974 1428 πληρωμάτων
2032 1336 2354 1425 εμάχοντο

191 1447 308 1511 καὶ
386 1443 683 1522 πολλοὺς
753 1444 1354 1531 κατετραυμάτιζον
1425 1443 1783 1528 βάλλοντες
1856 1447 1954 1531 τῷ
2020 1450 2355 1529 σπέρματι

190 1550 334 1613 τῶν
393 1549 837 1613 κολοκυνθῶν.
938 1540 1347 1631 αγχωμάλως
1407 1546 1478 1612 δὲ
1536 1539 1652 1613 επὶ
1712 1544 1886 1612 πολὺ
1947 1551 2355 1630 ναυμαχοῦν-

192 1675 311 1728 τες
371 1652 532 1734 περὶ
591 1654 1011 1736 μεσημβρίαν
1071 1648 1337 1733 εἴδομεν
1393 1648 1682 1715 κατόπιν
1737 1652 1871 1714 τῶν
1930 1651 2358 1716 Κολοκυνθο-

198 1756 549 1838 πειρατῶν
594 1752 1107 1837 προσπλέοντας
1150 1750 1306 1829 τοὺς
1337 1745 1832 1836 Καρυοναύτας.
1922 1754 2243 1835 πολέμιοι
2290 1753 2362 1818 δὲ

199 1840 376 1942 ἦσαν
438 1847 784 1943 ἀλλήλοις,
854 1849 944 1931 ὥς
1004 1853 1294 1932 ἔδειξαν·
1365 1852 1516 1921 ἐπεὶ
1573 1852 1698 1939 γὰρ
1757 1852 1994 1921 ἐκεῖνοι
2059 1849 2361 1942 ᾔσθοντο

202 1951 451 2034 αὐτοὺς
498 1956 846 2036 ἐπιόντας,
904 1953 1089 2045 ἡμῶν
1134 1956 1255 2039 μὲν
1301 1952 1767 2045 ὠλιγώρησαν,
1824 1956 2245 2040 τραπόμενοι
2291 1958 2361 2023 δὲ

201 2053 319 2125 ἐπ’
376 2056 665 2136 ἐκείνους
710 2058 1136 2144 ἐναυμάχουν.
1228 2063 1329 2128 38.
1374 2054 1568 2144 ἡμεῖς
1613 2059 1684 2126 δὲ
1731 2058 1799 2125 ἐν
1843 2059 2143 2147 τοσούτῳ
2191 2059 2448 2126 εἶπά-38

202 2170 446 2249 ραντες
490 2160 609 2251 τὴν
656 2155 910 2250 ὀθόνην
957 2161 1319 2249 ἐφεύγομεν
1366 2156 1825 2239 ἀπολιπόντες
1871 2157 2111 2240 αὐτοὺς
2155 2188 2365 2247 μαχο-

202 2270 470 2348 μένους.
560 2267 672 2330 καὶ
719 2267 908 2352 δηλοι
951 2290 1121 2355 ησαν
1164 2265 1605 2351 κρατήσοντες
1635 2266 1700 2332 οἱ
1731 2269 2204 2350 Καρυοναῦται
2249 2258 2367 2332 άτε

96 2371 317 2435 133καὶ
364 2369 646 2445 πλείους
689 2406 773 2416 -—
817 2373 1019 2434 πέντε
1068 2393 1194 2454 γαρ
1240 2364 1415 2450 εἶχον
1469 2367 1894 2489 πληρώματα
1939 2405 2013 2415 -
2065 2370 2176 2433 καὶ
2225 2360 2363 2433 άπὸ

205 2471 655 2556 ἰσχυροτέρων
714 2473 876 2537 νεῶν
942 2469 1339 2553 μαχόμενοι·
1410 2468 1493 2536 τὰ
1550 2469 1675 2556 γὰρ
1734 2472 1944 2537 πλοῖα
2000 2455 2079 2559 ἦν
2138 2464 2367 2547 αυτοῖς

203 2572 495 2695 κελύφη,
554 2572 815 2658 καρύων
870 2568 1199 2661 ἡμίτομα,
1259 2577 1698 2658 κεκενωμένα,
1756 2577 2046 2658 μέγεθος
2101 2572 2172 2638 δὲ
2218 2571 2368 2638 εκά-

206 2700 374 2742 στου
421 2671 753 2759 ἡμιτόμου
800 2674 866 2752 ες
910 2679 1114 2763 μῆκος
1171 2669 1434 2761 ὀργυιαὶ
1495 2675 1991 2742 πεντεκαίδεκα.
2084 2673 2234 2741 επεὶ
2299 2675 2370 2741 δὲ

209 2773 702 2863 ἀπεκρύψαμεν
750 2771 1008 2858 αὐτούς,
1058 2777 1326 2861 ἷώμεθά
1356 2802 1430 2843 τε
1474 2775 1631 2855 τοὺς
1676 2783 2093 2862 τραυματίας
2135 2780 2246 2844 καὶ
2292 2775 2367 2843 τὸ

210 2877 464 2946 λοιπὸν
513 2878 581 2945 ἐν
622 2892 767 2958 τοῖς
812 2873 1054 2958 ὅπλοις
1087 2867 1251 2969 ἦμεν
1282 2875 1374 2957 ῶς
1408 2879 1664 2948 ἐπίπαν
1712 2874 1820 2946 άεί
1862 2905 2051 2958 τινας
2097 2878 2372 2965 ἐπιβου-

212 2979 338 3060 λὰς
386 2981 946 3068 προσδεχόμενοι·
1007 2976 1081 3048 οὗ
1127 2981 1364 3069 μάτην.
1455 2988 1555 3051 39.
1618 2977 1808 3047 οὔπω
1866 2986 2021 3068 γοῦν
2080 2981 2456 3054 ἑδεδύκει39

212 3081 246 3150 ὅ
299 3076 527 3173 ἥλιος,
588 3088 701 3151 καὶ
748 3078 886 3150 ἆπό
937 3109 1115 3161 τινος
1162 3083 1407 3172 ἐρήμου
1453 3084 1654 3172 νήσου
1709 3084 2174 3170 προσήλαυνον
2219 3080 2375 3170 ἡμῖν

213 3179 383 3252 ὅσον
454 3184 705 3252 ε’ίκοσιν
765 3180 1000 3269 ὂὲνδρες
1057 3184 1171 3251 ἐπὶ
1234 3186 1567 3272 δελφίνων
1633 3186 1938 3270 μεγάλων
2005 3179 2374 3268 ὀχούμενοι,

219 3291 462 3375 λῃσταὶ
510 3290 623 3353 καὶ
669 3282 886 3354 οὗτοι·
946 3291 1054 3355 καὶ
1103 3288 1166 3354 οἱ
1215 3286 1521 3376 δελφῖνες
1581 3283 1819 3365 αὐτοὺς
1865 3286 2106 3376 ἔφερον
2153 3282 2376 3375 άσφα-

221 3391 374 3470 λῶς,
423 3392 537 3456 καὶ
570 3383 1043 3476 ἀναπηδῶντες
1081 3388 1491 3474 ἐχρεμέτιζον
1539 3382 1769 3473 ῶσπερ
1813 3389 2046 3456 ἵπποι.
2124 3389 2275 3457 ἐπεὶ
2307 3390 2379 3456 δὲ

219 3494 519 3580 πλησίον
549 3477 738 3577 ἦσαν,
774 3492 1168 3570 διαστάντες
1200 3492 1263 3559 οἱ
1295 3492 1417 3575 μὲν
1449 3491 1664 3572 ἔνθεν,
1701 3492 1763 3558 οἱ
1790 3493 1861 3559 δὲ
1895 3491 2154 3560 ἐκεῖθεν
2187 3494 2380 3577 ἔβαλ-

223 3599 341 3662 λον
386 3589 569 3682 ἡμᾶς
617 3600 899 3683 σηπίαις
958 3594 1187 3683 ξηραῖς
1230 3597 1339 3661 καὶ
1389 3595 1782 3684 ὀφθαλμοῖς
1837 3602 2182 3680 καρκίνων.
2269 3621 2382 3661 το-

225 3696 556 3774 ξευόντων
602 3696 673 3762 δὲ
718 3699 831 3763 καὶ
874 3691 1062 3785 ἡμῶν
1117 3699 1227 3763 καὶ
1289 3691 1767 3776 ἀκοντιζόντων
1829 3691 2047 3764 οὐκέτι
2103 3693 2383 3781 ὑπέμει-

225 3824 379 3879 ναν,
444 3793 614 3863 ἀλλὰ
670 3803 1049 3884 τρωθέντες
1094 3800 1159 3866 οἱ
1206 3801 1454 3866 πολλοὶ
1515 3794 1729 3866 αὐτῶν
1789 3800 1964 3884 πρὸς
2020 3798 2139 3887 τὴν
2184 3803 2383 3888 νῆσον

226 3905 620 3987 κατέφυγον.
711 3907 812 3967 40.
873 3902 1030 3986 περὶ
1093 3901 1164 3967 δὲ
1216 3900 1291 3967 τὸ
1353 3900 1783 3985 μεσονύκτιον
1839 3901 2123 3990 γαλήνης
2185 3895 2473 3989 οὕσης40

131 4001 569 4086 134ἐλάθομεν
637 4005 1197 4088 προσοκείλαντες
1273 3998 1591 4081 ἁλκυόνος
1655 4006 1855 4090 καλιᾷ
1922 4007 2382 4087 παμμεγέθει·
