2800 4500
454 260 485 315 1
500 257 529 313 1
541 258 576 314 6
1339 257 1708 311 ΛΟΥΚΙΑΝΟΥ

450 421 651 494 αὐτοῦ
698 426 923 493 αἰτῶν.
1013 421 1206 507 οὗτος
1249 434 1474 495 τοίνυν
1521 422 1811 507 ἀκούσας
1851 426 1937 493 τὰ
1971 433 2130 515 περὶ
2174 431 2292 493 τοῦ
2315 449 2604 516 χρηστη-

451 535 599 615 ρίου
644 532 884 614 μικροῦ
926 531 1046 614 μὲν
1093 530 1360 619 ἐδέησεν
1408 525 1608 653 ἆφεὶς
1651 529 1770 620 τὴν
1815 530 2399 650 ἐγκεχειρισμένην
2412 529 2604 607 τάξιν

383 718 388 724 ,
450 632 517 710 ἐς
560 631 635 699 τὸ
683 636 804 699 τοῦ
839 627 1142 718 Ἀβώνου
1185 647 1403 716 τεῖχος
1447 628 1795 757 ἀναβῆναι.
1887 633 2153 717 έπεμπε
2197 626 2259 697 δ’
2321 658 2441 699 ουν
2488 628 2608 697 αλ-

451 736 606 811 λους
651 728 764 800 ἐπ’
818 730 1079 814 αλλοις·
1130 736 1195 801 οι
1242 735 1315 802 δὲ
1360 735 1793 820 πεμπόμενοι
1840 734 2109 801 ἰδιῶταί
2144 759 2320 812 τινες
2352 733 2611 800 οἰκέται

451 836 703 924 ῥᾳδίως
748 836 1286 925 ἐξαπατηθέντες
1333 836 1714 926 ἐπανῃεσαν
1757 835 1842 903 τὰ
1887 836 2007 920 μὲν
2055 834 2341 917 ἰδόντες,
2402 834 2491 901 τὰ
2539 835 2613 900 δὲ

451 934 543 1017 ὥς
588 938 848 1017 ἰδόντος
894 933 1293 1017 ἆκούσαντες
1339 939 1764 1028 διηγούμενοι
1813 941 1926 1005 καὶ
1986 941 2611 1023 προσεπιμετροῦν-

450 1065 560 1118 τες
627 1040 727 1108 ἔτι
793 1043 1010 1108 πλείω
1072 1041 1362 1123 τούτων,
1434 1037 1525 1121 ὥς
1590 1041 2002 1124 ἐντιμότεροι
2070 1037 2203 1108 εἶεν
2260 1038 2453 1125 παρὰ
2511 1043 2703 1126 τῴ239

457 1143 771 1230 δεσπότῃ.
862 1141 1155 1221 ἐξέκαιον
1215 1129 1332 1210 οὖν
1375 1143 1494 1211 τὸν
1555 1139 1801 1211 ἄθλιον
1859 1147 2137 1229 γέροντα
2191 1145 2305 1209 καὶ
2359 1141 2427 1220 ἐς
2480 1167 2618 1225 μα·-

353 1252 424 1307 31
456 1251 603 1311 νίαν
650 1243 1022 1334 ἐρρωμένην
1053 1243 1426 1331 ἐνέβαλλον.
1518 1251 1619 1313 31.
1668 1241 1702 1311 o‘
1754 1245 1826 1311 δὲ
1857 1242 1947 1323 ὡς
1981 1235 2062 1311 ἂν
2092 1258 2236 1323 τοῖς
2265 1246 2619 1321 πλείστοις

362 2476 439 2532 32

374 3503 452 3559 83

454 1350 569 1413 καὶ
615 1346 1108 1425 δυνατωτάτοις
1152 1349 1354 1436 φίλος
1399 1372 1493 1412 ων
1537 1346 1804 1435 περιῄει
1861 1352 1946 1413 τὰ
2005 1347 2127 1429 μὲν
2184 1346 2620 1435 διηγούμενος

457 1473 548 1525 ως
594 1442 900 1517 άκούσειε
943 1474 1130 1536 παρα
1175 1453 1310 1517 τῶν
1353 1454 1833 1547 πεμφθέντων,
1878 1447 1965 1514 τὰ
2013 1448 2086 1515 δὲ
2128 1451 2241 1516 καὶ
2286 1441 2444 1534 παρ’
2497 1444 2620 1514 αὗ·-

455 1555 576 1617 τοῦ
612 1558 1035 1636 προστιθείς.
1125 1551 1450 1640 ἐνέπλησε
1481 1546 1544 1618 δ
1599 1578 1713 1620 ουν
1742 1551 1862 1641 τὴν
1893 1551 2097 1618 πόλιν
2125 1555 2237 1619 καὶ
2271 1550 2618 1617 διεσάλευ-

460 1675 572 1719 σεν
619 1648 811 1732 οὗτος
853 1656 967 1720 καὶ
1008 1658 1144 1720 τῶν
1189 1653 1257 1721 ἐν
1300 1659 1382 1743 τῇ
1443 1648 1610 1743 αυλῇ
1665 1677 1823 1731 τους
1879 1655 2239 1730 πλείστους
2298 1652 2618 1738 διεθορύ-

458 1760 692 1838 βησεν,
762 1758 829 1821 οἳ
886 1749 1121 1823 αυτίκα
1177 1759 1290 1824 καὶ
1350 1751 1542 1825 αυτοὶ
1594 1751 1954 1844 ἠπείγοντο
2014 1750 2299 1822 ακοῦσαί
2353 1781 2423 1822 τι
2483 1759 2621 1821 τῶν

460 1849 625 1921 καθ’
680 1853 937 1933 αὑτούς.
1025 1854 1061 1925 ὖ
1110 1858 1182 1926 δὲ
1225 1857 1381 1937 τοὺς
1413 1852 1936 1947 ἀφικνουμένους
1965 1857 2145 1924 πάνυ
2177 1857 2619 1946 φιλοφρόνως

460 1954 953 2043 ὑποδεχόμενος
999 1959 1238 2038 ξενίοις
1280 1985 1354 2027 τε
1397 1964 1509 2030 καὶ
1553 1976 1706 2039 ταῖς
1743 1956 1978 2037 ἄλλαις
2008 1959 2295 2043 δωρεαῖς
2324 1961 2615 2024 πολυτε-

466 2061 645 2127 λέσιν
693 2056 919 2140 εὔνους
965 2060 1395 2149 ἐργαζόμενος
1442 2058 1622 2149 αὗτῴ
1678 2056 2084 2146 ἀπέπεμπεν
2146 2053 2264 2127 οὗκ
2321 2054 2618 2146 ἀπαγγε-

465 2165 742 2239 λοῦντας
783 2164 988 2246 μόνον
1031 2163 1153 2242 τὰς
1198 2162 1585 2254 ἐρωτήσεις,
1646 2159 1816 2230 ἀλλὰ
1860 2167 1969 2231 καὶ
2026 2159 2439 2251 ὑμνήσοντας
2497 2161 2713 2228 ‘chrm

462 2264 634 2332 θεὸν
675 2269 788 2333 καὶ
831 2266 1151 2351 τεράστια
1201 2263 1374 2352 ὑπὲρ
1430 2271 1550 2334 τοῦ
1605 2273 1921 2351 μαντείου
1978 2268 2091 2332 καὶ
2152 2259 2393 2342 αὐτοὺς
2451 2277 2621 2350 ψευ-

469 2373 805 2452 σομένους.

640 2476 741 2538 32.
788 2473 924 2536 Καὶ
969 2466 1135 2537 ἄλλο
1165 2495 1233 2537 τι
1261 2473 1637 2559 μηχανᾶται
1682 2469 1716 2536 ὁ
1749 2468 2275 2557 τρισκατάρατος
2308 2463 2424 2534 οὐκ
2457 2463 2619 2534 ἄσο-

469 2572 600 2659 φόν
647 2567 798 2639 οὐδὲ
841 2575 961 2639 τοῦ
1005 2572 1499 2657 προστυχόντος
1556 2576 1800 2660 λῃστοῦ
1863 2569 2084 2651 ἄξιον·
2131 2571 2304 2638 λύων
2361 2567 2491 2656 γὰρ
2534 2567 2620 2635 τὰ

471 2679 869 2757 πεπεμμένα
906 2674 1209 2758 βιβλίδια
1238 2677 1351 2741 καὶ
1384 2668 1868 2759 ἀναγινώσκων,
1916 2673 1983 2741 εἲ
2007 2699 2075 2741 τι
2107 2666 2288 2759 εῧροι
2319 2670 2621 2759 ἐπισφα-

473 2777 581 2854 λὲς
635 2778 749 2842 καὶ
805 2778 1562 2861 παρακεκινδυνευμένον
1620 2776 1688 2843 ἐν
1743 2791 1893 2855 ταῖς
1947 2774 2339 2865 ἐρωτήσεσι,
2400 2788 2625 2840 κατεῖ-

467 2903 580 2961 χεν
628 2871 785 2943 αὐτὸ
832 2880 941 2944 καὶ
1001 2872 1118 2945 οὐκ
1157 2872 1598 2963 ἀπέπεμπεν,
1659 2875 1753 2957 ὥς
1795 2875 2222 2964 ὑποχειρίους
2264 2878 2377 2942 καὶ
2419 2901 2627 2959 μονο·

401 3070 406 3075 .
475 2982 655 3063 νουχὶ
703 2979 978 3059 δούλους
1024 2979 1137 3048 διὰ
1181 2979 1257 3046 τὸ
1307 2980 1458 3059 δέος
1502 2979 1641 3063 ἔχοι
1666 2979 1825 3059 τοὺς
1855 2979 2329 3068 πεπομφότας,
2374 3002 2629 3065 μεμνη·

472 3088 710 3166 μένους
780 3081 892 3149 οἶα
955 3076 1037 3169 ἦν
1104 3081 1146 3148 ἃ
1212 3077 1474 3172 ἤροντο.
1587 3091 1812 3171 συνίης
1877 3083 1950 3150 δὲ
2018 3082 2167 3160 οἵας
2232 3079 2408 3158 εἰκὸς
2474 3080 2632 3158 τοὺς

477 3187 843 3263 πλουσίους
887 3188 999 3252 καὶ
1029 3189 1196 3270 μέγα
1229 3184 1630 3268 δυναμένους
1658 3183 1780 3263 τὰς
1810 3184 2089 3260 πύστεις
2119 3181 2631 3249 πυνθάνεσθαι.

479 3287 849 3372 ἐλάμβανεν
896 3271 1011 3354 οὖν
1070 3285 1290 3354 πολλὰ
1350 3280 1518 3373 παρ’
1584 3285 1849 3353 ἐκείνων
1909 3286 2216 3366 εἰδότων,
2275 3277 2384 3352 ὅτι
2444 3283 2634 3362 ἐντὸς

482 3383 719 3468 αὖτοὺς
766 3390 904 3471 ἔχοι
944 3392 1078 3455 τῶν
1125 3383 1404 3471 άρκύων.

654 3497 755 3560 33.
802 3489 1149 3574 Βούλομαι
1194 3490 1267 3556 δέ
1311 3513 1422 3557 σοι
1475 3491 1588 3556 καὶ
1643 3495 1775 3557 τῶν
1812 3485 2234 3574 Ῥουτιλιανῷ
2292 3488 2635 3555 δοθέντων

479 3596 790 3681 χρησμῶν
859 3591 1072 3670 ἐνίους
1138 3592 1387 3658 εἰπεῖν·
1457 3595 1950 3677 πυνθανομένῳ
2016 3589 2140 3677 γὰρ
2210 3586 2394 3675 αὐτῷ
2458 3587 2636 3675 ὑπὲρ

481 3699 600 3762 τοῦ
658 3692 909 3772 παιδὸς
964 3696 1084 3760 τοῦ
1143 3693 1211 3760 ἐκ
1265 3697 1599 3781 προτέρας
1663 3693 2000 3778 γυναικός,
2066 3691 2386 3770 παιδείας
2454 3684 2637 3776 ὥραν

483 3801 776 3882 ἔχοντος,
845 3796 1075 3864 ὅντινα
1133 3788 1588 3884 προστήσεται
1646 3793 2059 3863 ’διδάσκαλον
2119 3796 2249 3858 τῶν
2305 3794 2639 3882 μαθημά-

481 3928 614 3968 των
661 3895 889 3978 αὐτοῦ,
946 3897 1115 3985 ἔφη·

612 3999 1029 4087 Πυθαγόρην
1075 3999 1388 4082 πολέμων
1433 4021 1507 4062 τε
1552 3995 1900 4082 διάκτορον
1957 3994 2208 4063 ἐσθλὸν
2252 3989 2508 4062 ἀοιδόν.
2658 4006 2769 4093 241¹
