2800 4500
451 281 575 341 342

502 1600 552 1640 0.

589 1588 639 1641 l.

1184 285 1562 340 ADNOTATIO
1599 285 1870 340 cfll‘rch.

667 462 728 519 et
761 461 890 535 ipse
933 461 995 518 in
1037 459 1153 520 hoc
1199 463 1411 520 incerti
1455 462 1757 537 scriptoris
1804 461 2042 538 dialogo
2089 461 2355 522 codicum
2400 480 2611 538 parum

667 566 831 622 certa
873 563 1126 639 vestigia
1170 582 1244 624 ex
1288 567 1460 640 parte
1518 581 1774 639 sequens
1819 564 2099 639 primaria
2152 568 2377 624 tantum
2435 582 2610 641 prae-

669 669 845 740 cepta
888 664 1127 725 dialecti
1171 667 1402 726 ionicae
1451 667 1816 742 expressisse
1860 668 2005 727 satis
2051 666 2246 727 habui.
2339 665 2611 727 Ceterum

672 768 1009 847 notandum,
1055 770 1114 827 in
1147 768 1261 829 hoc
1292 771 1514 846 scripto
1545 788 1821 847 magnum
1872 771 2135 831 codicum
2167 769 2299 829 Vat.
2332 763 2400 828 Ω
2430 769 2609 848 (434)

668 871 803 933 Vat.
851 869 901 931 21
947 873 1077 945 (87)
1123 872 1289 932 Harl.
1340 875 1504 932 5694
1554 890 1685 932 esse
1733 890 2102 933 consensum.

1108 1187 1672 1256 DEMONAOTIS
1717 1190 1948 1257 VITA.

846 1377 1034 1451 Quale
1056 1398 1212 1439 nunc
1242 1379 1528 1440 habemus
1560 1379 1673 1440 hoc
1703 1383 1986 1457 scriptum
2018 1383 2089 1459 ‚si
2116 1385 2205 1442 est
2224 1381 2615 1442 Lucianeum'

673 1498 789 1540 non
840 1485 930 1540 est
969 1485 1152 1541 totum
1197 1481 1581 1541 Lucianeum.

672 1582 1022 1659 ἐκφαινειν
1100 1584 1179 1646 ἐκ
1197 1597 1429 1661 φανεῖν
1473 1584 1573 1643 Fr.
1621 1616 1702 1627 —
1749 1581 1786 1664 ἡ
1832 1579 2157 1665 ὕπαιθρος
2203 1586 2273 1647 ἐν
2315 1591 2409 1668 τῷ
2446 1592 2617 1665 Παρ-

672 1692 876 1769 νασῷ
927 1689 1134 1748 δίαιτα
1178 1690 1284 1748 καὶ
1328 1683 1366 1766 ἣ
1412 1686 1537 1748 ἐπὶ
1582 1681 1789 1762 πόας
1835 1680 2244 1769 εὐνὴΙΟΠω
2288 1687 2620 1747 Fritzschio

674 1786 830 1846 hunc
873 1789 1065 1847 locum
1107 1788 1564 1863 transpositione
1622 1789 1889 1848 correxi:
1947 1784 1984 1867 ἢ
2030 1784 2354 1868 ὕπαιθρος
2412 1788 2482 1850 ἐν
2525 1795 2625 1872 τῷ

673 1896 1123 1973 Παρνασσῷ
1148 1885 1300 1969 εὐνὴ
1325 1893 1432 1951 καὶ
1462 1885 1499 1968 ἣ
1533 1889 1929 1965 ἐπίπονος
1961 1893 2169 1952 δίαιτα
2198 1923 2275 1932 -
2307 1889 2623 1965 ἐπίπονος

672 2010 780 2067 pro
825 1992 927 2054 ἐπὶ
971 1987 1137 2068 πόας
1190 2010 1320 2052 cnm
1378 1993 1612 2067 optimis
1673 1993 1976 2053 codicibus
2021 1989 2119 2068 (A)
2150 1987 2327 2054 0211*
2356 1994 2502 2052 Mut.
2550 1988 2622 2052 Β.

676 2129 758 2139 —-
804 2095 1008 2174 αἴρων
1051 2089 1071 2176 ΙΙ
1113 2093 1407 2175 οἷναιρῶν
1452 2096 1549 2155 Fr.

504 2216 551 2258 c.
580 2201 636 2256 4.
670 2191 832 2260 ὥστε
877 2197 1044 2259 ἐπεὶ
1090 2202 1222 2261 καὶ
1271 2197 1508 2274 ἔμαθεν
1539 2192 1716 2278 ΙΙκαὶ
1761 2195 1933 2260 ἐπεὶ
1976 2196 2142 2259 det.

505 2318 554 2359 c.
584 2304 637 2360 5.
670 2296 834 2363 ἀλλὰ
865 2296 1074 2363 πολλὰ
1107 2300 1136 2362 ἐ
1150 2325 1181 2377 ς
1209 2298 1459 2364 ταύτὸ
1504 2304 1855 2377 καταμίξας
1883 2294 1903 2382 Ι
1931 2319 2044 2360 om.
2078 2301 2148 2377 ἐς
2178 2294 2416 2362 ταύτὸ
2450 2297 2621 2360 det.

672 2437 755 2446 —
800 2399 1167 2480 ὁμοδίαιτος
1212 2399 1451 2467 ἅπασιν
1498 2400 1604 2466 ὢν
1635 2407 1773 2464 καὶ
1819 2400 2058 2482 πεζὸς
2102 2407 2208 2465 καὶ
2254 2399 2407 2466 οὐδ’
2451 2453 2464 2465 .
2500 2452 2513 2465 .
2553 2398 2625 2483 .ss

679 2501 854 2580 ὃμοὸ.
906 2501 1143 2569 ἅπασιν
1187 2510 1318 2567 καὶ
1356 2502 1594 2584 πεζὸς
1626 2501 1735 2567 ὢν
1769 2503 1938 2583 οὐδ’,
1987 2524 2098 2566 om.
2129 2510 2261 2567 καὶ
2293 2508 2429 2566 ante
2462 2493 2623 2568 οὐδ’

681 2602 889 2673 ῼἋΓ
921 2609 1087 2667 Mut.
1135 2606 1212 2670 Β.
2054 2612 2060 2617 ’

467 2727 519 2767 c.
551 2714 644 2767 10.
680 2706 770 2784 ὡς
801 2705 881 2772 ἂν
916 2708 1002 2770 cf.
1035 2709 1110 2769 ad
1140 2708 1493 2784 tyrannicid.
1542 2727 1593 2767 c.
1631 2712 1687 2768 3.
1733 2741 1815 2750 —-
1859 2703 2121 2783 μόνοις
2165 2703 2576 2785 ἐξιστάμενος
2606 2702 2626 2788 Ι

674 2805 760 2885 μό
776 2834 815 2873 ν
833 2835 869 2874 ο
889 2834 927 2873 υ
944 2835 975 2886 ς
1000 2812 1183 2889 ἐξιστ.
1215 2812 1435 2872 Reiske
1459 2843 1540 2853 -
1564 2806 1775 2874 πάντα
1799 2817 2001 2873 ταῦτα
2025 2805 2044 2891 ΙΙ
2065 2817 2267 2873 ταῦτα
2299 2804 2510 2873 πάντα
2535 2808 2618 2873 Β.

467 2931 516 2972 c.
551 2918 645 2971 11.
683 2907 1125 2995 [Σωκράτους]
1173 2908 1192 2993 ΙΙ
1233 2914 1451 2974 Delevi
1497 2914 1794 2973 cancellos
1842 2930 1973 2971 cum
2017 2913 2297 2974 Bekkero
2343 2916 2404 2972 et
2431 2912 2626 2971 Fritz-

687 3013 852 3075 schio
884 3020 1087 3075 contra
1118 3016 1381 3076 codicum
1415 3016 1838 3076 auctoritatem.
1870 3047 1953 3057 —-
1984 3010 2145 3095 ἅπερ
2176 3012 2274 3078 κα’
2291 3020 2410 3076 κεί
2420 3037 2511 3078 νο
2530 3037 2575 3076 υ
2604 3008 2624 3096 Ι

681 3118 996 3181 ἐκείνου
1042 3118 1204 3179 det.
1252 3153 1330 3162 —
1379 3115 1567 3181 οὐδὲ
1612 3113 1732 3198 γὰρ
1780 3120 2025 3179 δεῖσθαι
2073 3113 2271 3197 αὐτὴν
2317 3123 2451 3179 τῶν
2496 3166 2509 3179 .
2550 3167 2563 3180 .

683 3226 935 3282 θυσιῶν
979 3215 998 3301 ΙΙ
1042 3218 1256 3284 οὐδὲν
1303 3219 1448 3279 Oob.
1499 3253 1572 3262 —
1620 3215 1696 3281 τὸ
1741 3216 1861 3300 γὰρ
1908 3214 2227 3299 πρότερον
2272 3215 2394 3282 οὐκ
2439 3217 2627 3280 ἐκαλ-

677 3317 1014 3402 λιερήσατο
1062 3317 1081 3402 ΙΙ
1123 3373 1136 3387 .
1173 3373 1184 3386 .
1222 3373 1234 3386 .
1285 3320 1557 3397 Abrupta
1602 3320 1715 3381 hoc
1758 3322 1891 3381 loco
1939 3324 2029 3381 est
2065 3321 2442 3381 Demonactis
2490 3338 2626 3380 ora·

681 3426 762 3485 tio
783 3470 799 3503 ,
847 3443 998 3500 quae
1042 3426 1223 3484 multo
1267 3425 1507 3500 gravior
1551 3424 1761 3499 opinor
1804 3422 1931 3501 fuit,
1980 3441 2154 3498 quam
2198 3422 2435 3498 lepidae
2481 3423 2625 3483 illae

685 3545 837 3602 quae
869 3531 1192 3602 sequuntur
1236 3526 1733 3604 narratiunculae,
1778 3527 1908 3586 viro
1944 3543 2187 3603 summO,
2231 3542 2405 3600 quem
2434 3526 2627 3602 scrip·

683 3633 774 3689 tor
815 3629 1138 3707 praedicat,
1185 3647 1399 3705 magna
1447 3645 1522 3687 ex
1565 3631 1735 3703 parte
1780 3646 1986 3703 parum
2033 3627 2265 3705 dignae.

471 3750 522 3792 c.
555 3736 649 3792 12.
684 3732 751 3793 ἐκ
799 3734 1087 3806 παιδιᾶς
1117 3726 1135 3812 ΙΙ
1165 3731 1232 3793 ἐκ
1277 3734 1571 3805 παιδίας
1617 3728 1781 3790 det.
1828 3748 1907 3808 „a
1950 3727 2198 3804 puero“.

470 3854 518 3895 c.
552 3839 644 3893 14.
680 3834 709 3894 ἐ
724 3837 809 3895 πὶ
854 3840 931 3913 τῇ
976 3838 1244 3912 Ποικίλῃ
1292 3834 1608 3911 διατρίψω
1637 3827 1657 3912 Ι]
1685 3832 1765 3894 ἐν
1814 3830 1957 3891 Cob.

471 3956 520 3997 c.
548 3940 645 3997 20.
678 3937 1149 4010 παυσομένων
1202 3931 1489 4009 πάντως
1531 3929 1551 4016 fl
1594 3929 1862 3998 πάντων
1911 3928 2008 4010 (Β)
2059 3934 2493 4008 παυσαμένων
2538 3932 2643 4010 (Γ

678 4036 839 4094 Mut.
887 4034 993 4108 B).
