2800 4500
732 286 861 338 nm:
898 286 1003 339 ΔΕΙ
1040 285 1339 338 ΙΣΤΟΡΙΑΝ
1373 285 1795 339 ΣΥΓΓΡΑΦΕΙΝ.
2264 285 2341 342 15

181 452 251 531 ἐς
320 454 585 539 ψυχρὰν
651 458 763 522 καὶ
830 448 1022 522 οὐδὲν
1086 451 1247 541 ἡμῖν
1312 454 1782 543 προσήκουσαν
1851 455 2182 543 διήγησιν,
2250 452 2343 533 ὥς

182 556 476 641 Μαῦρός
519 581 625 634 τις
657 557 908 635 ἱππεὺς
937 557 1319 635 Μαυσάκας
1363 551 1659 640 τοῦνομα
1687 553 1822 623 ὑπὸ
1874 557 2121 641 δίψους
2165 558 2342 622 πλα-

184 658 482 742 νεόμενος
530 652 658 724 ἀνὰ
703 658 788 725 τά
832 654 954 746 ὅρη
999 659 1369 745 καταλάβοι
1410 658 1663 746 Σύρους
1705 657 1895 735 τινὰς
1936 662 2070 724 τῶν
2115 652 2343 744 ἀγροί-

182 786 350 841 κων,
421 755 698 846 ἄριστον
755 765 1375 847 παρατιθεμένους,
1445 763 1557 827 καὶ
1613 754 1721 828 ὅτι
1778 759 1863 826 τὰ
1919 760 2040 843 μὲν
2107 762 2343 846 πρῶτα

185 859 430 929 ἐκεῖνοι
491 866 866 949 φοβηθεῖεν
924 855 1157 943 αὐτόν,
1219 859 1364 928 εἶτα
1408 866 1638 945 μέντοι
1692 861 2035 946 μαθόντες
2078 857 2168 938 ὡς
2210 864 2343 926 τῶν

184 965 408 1048 φίλων
454 963 555 1050 ε’ίη
613 963 1045 1042 κατεδέξαντο
1101 966 1211 1030 καὶ
1272 965 1648 1031 εἱστίασαν·
1708 966 1818 1030 καὶ
1867 964 1992 1050 γάρ
2037 990 2187 1030 τινα
2229 989 2343 1029 τυ-

175 1077 323 1146 χεῖν
384 1057 601 1130 αὐτῶν
661 1060 1219 1154 ἀποδεδημηκότα
1272 1068 1383 1132 καὶ
1444 1058 1645 1131 αὗτὸν
1691 1063 1759 1141 ἐς
1801 1064 1920 1151 τήν
1962 1069 2095 1130 τῶν
2139 1065 2343 1130 Μαύ-

185 1192 356 1248 ρων,
416 1160 715 1254 ἀδελφοῦ
775 1162 955 1253 αὐτῷ
1000 1166 1067 1233 ἐν
1111 1171 1195 1254 τῇ
1236 1171 1318 1254 γῇ
1372 1170 1917 1253 στρατευομένου.
2005 1170 2221 1250 μῦθοι
2263 1164 2340 1232 τὸ

184 1267 360 1351 μετὰ
405 1271 602 1334 τοῦτο
647 1272 891 1353 μακροὶ
935 1272 1047 1336 καὶ
1095 1268 1451 1355 διηγήσεις,
1498 1264 1587 1345 ὥς
1632 1267 1999 1356 θηράσειεν
2045 1262 2245 1345 αὐτὸς
2275 1265 2344 1333 ἐν

98 1385 158 1433 37
184 1373 271 1456 τῇ
301 1375 718 1457 Μαυρουσίᾳ
760 1373 872 1438 καὶ
903 1366 993 1449 ὥς
1028 1370 1168 1437 >ι’δοι
1211 1368 1368 1447 τοὺς
1415 1369 1783 1457 ἐλέφαντας
1826 1369 2120 1447 πολλοὺς
2151 1368 2219 1435 ἐν
2248 1372 2345 1454 τῷ

189 1465 373 1556 αὐτῷ
420 1476 941 1555 συννεμομένους
983 1474 1095 1538 καὶ
1140 1467 1232 1549 ὥς
1273 1467 1410 1537 ὑπὸ
1460 1473 1725 1550 λέοντος
1770 1466 1997 1556 ὀλίγου
2044 1472 2182 1538 δεῖν
2225 1496 2345 1537 κα-

185 1577 601 1661 ταβρωθείη,
647 1575 761 1639 καὶ
802 1569 1070 1659 ἡλίκους
1115 1572 1310 1654 ἰχθῦς
1356 1571 1640 1657 ἐπρίατο
1680 1571 1748 1638 ἐν
1780 1580 2187 1660 Καισαρείᾳ·
2234 1576 2345 1639 καὶ

187 1670 224 1740 ὅ
285 1673 690 1758 θαυμαστὸς
749 1674 1160 1762 συγγραφεὺς
1218 1669 1420 1761 ἀφεὶς
1472 1673 1595 1751 τὰς
1652 1674 1719 1740 ἐν
1765 1669 2069 1761 Εὐρώπῳ
2126 1699 2346 1760 γιγνο-

187 1781 397 1859 μένας
444 1773 710 1863 σφαγὰς
753 1775 1086 1854 τοσαύτας
1115 1778 1224 1842 καὶ
1258 1770 1613 1854 ἐπελάσεις
1641 1778 1753 1842 καὶ
1799 1775 2100 1854 σπονδὰς
2146 1769 2346 1861 ἀναγ-

182 1884 386 1956 καίας
428 1880 542 1944 καὶ
588 1875 890 1965 φυλακὰς
933 1879 1045 1943 καὶ
1107 1876 1560 1965 ἀντιφυλακὰς
1606 1873 1757 1962 ἄχρι
1805 1882 2099 1960 βαθείας
2142 1877 2345 1944 ἑσπέ-

186 2005 312 2065 ρας
359 1974 742 2067 ἐφειστήκει
786 1974 964 2063 όριῦν
1012 1981 1388 2062 Μαλχίωνα
1431 1978 1549 2045 τὸν
1594 1978 1807 2065 Σύρον
1853 1980 1921 2045 ἐν
1965 1986 2345 2067 Καισαρείᾳ

187 2083 477 2167 σκάρους
533 2085 1001 2203 παμμεγέθεις
1067 2074 1293 2158 ἀξίους
1359 2073 1765 2164 ὠνούμενον·
1836 2080 1898 2147 εἰ
1952 2080 2025 2146 δὲ
2080 2078 2169 2169 μὴ
2232 2080 2350 2158 νὺξ

185 2185 532 2269 κατέλαβε,
576 2177 725 2267 τάχ’
795 2209 877 2249 αν
921 2185 1032 2249 καὶ
1093 2182 1509 2250 συνεδείπνει
1565 2175 1716 2267 μετ’
1783 2176 1985 2250 αυτοῦ
2041 2178 2164 2271 ἤδη
2211 2186 2345 2249 τῶν

191 2286 458 2385 σκάρων
517 2286 1032 2368 ἐσκευασμένων.
1124 2277 1297 2405 άπερ
1344 2283 1408 2350 εἰ
1459 2281 1550 2372 μὴ
1611 2283 2047 2369 ἐνεγέγραπτο
2107 2283 2344 2367 ἐπιμε-

192 2392 326 2465 λῶς
368 2391 451 2475 τῇ
499 2388 785 2475 ἱστορίᾳ,
830 2384 1088 2471 μεγάλα
1133 2376 1213 2451 άν
1257 2382 1449 2472 ἡμεῖς
1491 2379 1884 2472 ἠγνοηκότες
1928 2384 2110 2470 ἠμεν,
2157 2387 2268 2451 καὶ
2307 2381 2347 2474 ἡ

98 2481 106 2486 ⁴
193 2490 397 2577 ζημία
435 2486 786 2572 Ῥωμαίοις
818 2482 1176 2574 ἀφόρητος,
1224 2487 1285 2552 εἰ
1313 2487 1695 2565 Μαυσάκας
1724 2484 1760 2553 ὃ
1794 2491 2081 2569 Μαῦρος
2126 2487 2350 2571 διψῶν

191 2591 282 2680 μὴ
332 2585 482 2675 εὗρε
526 2604 731 2670 πιεῖν,
779 2583 928 2656 ἀλλ’
984 2584 1303 2665 άδειπνος
1348 2587 1732 2673 ἐπανῆλθεν
1780 2588 1894 2655 ἐπὶ
1940 2588 2015 2655 τὸ
2067 2588 2350 2675 στρατό-

102 2693 427 2760 38πεδον.
515 2698 739 2758 καίτοι
783 2690 969 2758 πόσα
1017 2685 1187 2755 ἄλλα
1231 2693 1465 2776 μακρῷ
1512 2683 1994 2775 ἀναγκαιότερα
2024 2688 2189 2758 ἑκών
2222 2689 2345 2776 ἐγώ

191 2800 311 2862 νῦν
355 2799 686 2882 παρίημι,·
745 2787 838 2869 ὥς
880 2793 991 2857 καὶ
1052 2784 1363 2878 αὐλητρὶς
1420 2784 1570 2877 ἧκεν
1614 2790 1683 2857 ἐκ
1725 2795 1844 2879 τῆς
1889 2788 2177 2880 πλησίον
2220 2791 2349 2857 κιό-

187 2921 323 3020 μης
370 2897 602 2972 αὐτοῖς
642 2897 755 2960 καὶ
801 2918 905 2971 ως
938 2893 1122 2976 δῶρα
1184 2885 1496 2978 ἀλλήλοις
1550 2885 1933 2974 ἀντέδοσαν,
1981 2890 2015 2959 ὅ
2065 2898 2351 3016 Μαῦρος

187 2999 314 3080 μὲν
373 3000 469 3082 τῷ
531 2996 894 3076 Μαλχίωνι
951 2993 1216 3094 λόγχην,
1277 2989 1311 3059 ὃ
1372 2994 1445 3060 δὲ
1503 2996 1600 3113 τ’(ζῐ
1659 2993 2003 3081 Μαυσάκᾳ
2056 2996 2349 3082 πόρπην,

186 3102 308 3166 καὶ
354 3094 529 3164 α’λλα
576 3094 795 3162 πολλὰ
843 3099 1123 3161 τοιαῦτα
1153 3097 1272 3182 τῆς
1303 3089 1415 3160 ἐπ’
1470 3088 1778 3181 Ευρωπῳ
1825 3095 2036 3184 μάχης
2070 3091 2237 3162 αὐτὰ
2270 3095 2347 3182 δὴ

188 3199 278 3266 τὰ
321 3198 683 3287 κεφάλαια.
758 3190 1101 3283 τοιγάρτοι
1147 3195 1421 3274 εἰκότως
1453 3192 1534 3261 άν
1563 3222 1667 3275 τις
1699 3197 1886 3263 είποι
1930 3196 2086 3276 τοὺς
2126 3197 2351 3263 τοιού-

188 3327 350 3380 τους
396 3299 470 3367 τό
519 3324 640 3382 μεν
687 3298 882 3386 ῥόδον
930 3292 1088 3364 αυτὸ
1136 3296 1225 3383 μὴ
1270 3301 1569 3385 βλέπειν,
1613 3295 1735 3377 τὰς
1781 3293 2084 3376 ἀκάνθας
2130 3299 2201 3365 δε
2235 3292 2352 3364 αὖ-

182 3406 315 3470 τοῦ
357 3401 482 3479 τὰς
528 3398 718 3486 παρὰ
747 3397 865 3486 τὴν
909 3399 1094 3486 ῥίζαν
1141 3394 1429 3485 ἀκριβῶς
1475 3399 1889 3466 ἐπισκοπεῖν.
1979 3405 2080 3466 29.
2130 3396 2443 3481 ἄλλος,29

191 3491 245 3569 ὦ
302 3496 555 3582 Φίλων,
599 3500 782 3585 μάλα
825 3503 937 3568 καὶ
982 3496 1175 3580 οὗτος
1216 3505 1493 3588 γελοῖος,
1543 3495 1694 3567 οὐδὲ
1737 3500 1853 3567 τὸν
1901 3500 2123 3585 ἕτερον
2170 3496 2354 3567 πόδα

191 3604 265 3671 ἐκ
321 3609 672 3692 Κορίνθου
740 3602 1022 3669 πώποτε
1088 3602 1519 3722 προβεβηκως
1586 3596 1729 3668 ουδ>
1806 3597 1957 3689 άχρι
2012 3605 2354 3688 Κεγχρεων

191 3701 677 3793 ἀποδημήσας,
743 3700 885 3771 ου’τι
929 3730 1096 3791 γε
1047 3711 1291 3803 Συρίαν
1334 3696 1376 3793 ἢ
1416 3698 1773 3788 Ἀρμενίαν
1821 3703 2014 3784 ἰδών,
2061 3698 2192 3769 ωδε
2236 3699 2354 3788 ἤρ-

106 3808 357 3885 39ξατο
405 3845 487 3855 -
531 3810 875 3894 μέμνημαι
929 3805 1054 3892 γάρ
1101 3844 1182 3854 -
1226 3791 1423 3887 ,,Ὦτα
1480 3799 1862 3892 όφθαλμων
1921 3798 2353 3889 ἀπιστότερα.

189 3907 438 3996 γράφω
483 3914 707 3974 τοίνυν
755 3907 795 3972 ἃ
843 3904 1052 3988 εἶδον,
1107 3932 1222 3987 ουχ
1269 3906 1309 3972 ἃ
1355 3902 1673 3995 ἤκουσα.α
1757 3910 1866 3973 καὶ
1914 3900 2122 3984 ου’τως
2169 3900 2356 3992 ἀκρι-

193 4014 335 4094 βιῦς
407 4001 678 4075 άπαντα
750 4008 1054 4094 ἑωράκει,
1133 4002 1303 4075 ὥστε
1368 4032 1544 4100 τους.
1597 4008 1959 4092 δράκοντας
2025 4007 2152 4095 ε’φη
2221 4011 2356 4072 τῶν
