2800 4500
957 281 1041 333 DE
1080 281 1508 336 SALTA‘HONE.
2179 281 2300 341 267

359 454 558 537 ὁρῶσι
601 453 624 539 Ι
665 454 908 539 ὁρῶσιν
951 452 1001 516 Γ
1005 457 1175 517 Harl.
1223 491 1299 500 —
1348 454 1653 522 διδάσκον
1694 454 1716 540 Ι
1754 454 2074 522 διδάσκων
2120 454 2176 517 Α
2222 493 2305 504 --

360 555 610 635 σώμασι
652 555 673 638 Ι
716 556 1007 636 σώμασιν
1054 555 1345 621 ΩΓΗπΙ.

181 678 222 720 o.
247 665 330 721 72.
359 664 686 743 τέρπουσα
730 666 794 727 δὲ
838 660 857 743 [l
899 688 953 726 τ.
1004 666 1068 726 δὲ
1113 668 1220 726 καὶ
1265 657 1312 721 Α
1361 696 1445 706 —-
1489 659 1905 744 όφθαλμῶνΙ
1946 661 2304 741 ὀφθαλμοῦ

358 762 408 826 Ἃ
439 801 523 810 -
567 763 693 829 εἴτ’
723 761 846 830 οὖν
876 762 896 847 Ι
924 770 982 829 εἰ
1004 773 1169 844 γοῦν
1199 758 1597 826 ΑΩἋΓΗΜΙ.
1646 799 1725 808 -
1770 772 1902 829 ποῦ
1946 762 2027 829 ἂν
2055 762 2076 848 ΙΙ
2104 772 2303 829 ποίαν

357 864 436 930 ἂν
479 863 535 926 Α
586 901 676 912 -
728 865 768 949 ἢ
812 882 1045 932 ποῖον.
1074 919 1088 932 .
1117 919 1132 932 .
1163 874 1467 947 συρίγγος
1524 864 1599 931 τὸ
1641 862 1662 949 Ι
1702 886 1816 927 om.
1861 864 1914 926 A
1973 901 2050 910 —
2112 863 2303 949 πάρε-

358 1018 496 1065 στιν
526 997 546 1084 ΙΙ
575 999 919 1085 πρόσεστιν
948 999 1019 1063 Ω
1048 1037 1132 1047 -
1160 999 1390 1084 γενήσῃ
1423 1000 1442 1085 [Ι
1468 1000 1714 1084 γενήσει
1757 998 1810 1062 Γ
1853 969 2098 1086 γενήσεῖ
2128 1005 2299 1067 Harl.

362 1123 437 1165 m.
486 1109 545 1165 2.
602 1140 689 1150 —
744 1102 903 1187 ὁρᾷς
945 1102 966 1187 ΙΙ
1008 1103 1169 1187 ὁρᾷς
1209 1109 1326 1182 μὲν
1382 1100 1657 1166 ἋΓΗεπΙ.
1719 1139 1793 1148 -
1851 1114 2088 1182 μισοῦν
2145 1102 2301 1186 flut-

359 1216 603 1272 σοῦντα
649 1206 701 1271 Ἃ
743 1242 828 1250 —-
870 1204 1216 1287 γιγνόμενα
1261 1205 1278 1289 ss
1319 1204 1626 1286 γινόμενα
1670 1203 1723 1267 Α

175 1343 218 1384 0.
243 1331 327 1387 73.
356 1334 463 1391 καὶ
497 1324 890 1409 εΗρακλιὲους
930 1323 952 1409 Ι
994 1346 1110 1388 om.
1155 1332 1264 1391 καὶ
1306 1325 1359 1387 Ἃ
1409 1361 1496 1371 -
1539 1323 1823 1392 δεικνύοι
1866 1324 1886 1409 Ι
1928 1324 2200 1392 δεικνύει
2247 1324 2297 1388 Α

176 1461 217 1503 c.
242 1451 325 1506 74.
357 1444 630 1524 ξυνετὸν
670 1444 691 1528 fl
735 1444 1010 1511 συνετὸν
1054 1445 1107 1508 Ἃ
1168 1482 1248 1493 -
1303 1449 1394 1512 ἔτι
1439 1451 1505 1511 δὲ
1557 1453 1663 1511 καὶ
1706 1444 1727 1529 Ι
1769 1467 1884 1509 om.
1929 1452 1994 1511 δὲ
2040 1443 2125 1528 Α,
2186 1468 2300 1509 om.

354 1555 461 1613 καὶ
508 1546 614 1610 ἋΓ
658 1585 734 1594 -
784 1547 1078 1632 κριτικόν
1113 1574 1181 1614 τε
1219 1546 1242 1632 Ι
1284 1547 1577 1633 κριτικόν
1607 1574 1765 1614 ποτε
1807 1550 1859 1612 Ἃ
1906 1585 1982 1594 —-
2032 1552 2301 1630 ἐλεγκτι-

357 1648 478 1716 κόν
523 1648 542 1731 ΙΙ
584 1650 912 1717 ἐλεκτικόν
957 1653 1009 1716 Ἃ

174 1770 214 1812 c.
239 1759 325 1814 75.
354 1751 693 1835 ναννώδης
718 1752 741 1838 Ι
767 1752 1064 1836 νανώδης
1105 1750 1282 1815 ΑΩΓ
1326 1779 1410 1819 να
1453 1758 1517 1815 in
1555 1774 1674 1816 rae.
1704 1756 1873 1815 Harl.
1913 1753 2217 1839 μανώδης
2247 1757 2301 1820 Ἃ

351 1890 435 1902 -
481 1860 546 1933 ἐς
588 1854 961 1936 ὑπερβολήν
1002 1854 1025 1940 Ι
1067 1861 1153 1933 εἰς
1198 1854 1305 1922 ὑπ.
1356 1852 1427 1917 Ω

174 1973 213 2014 c.
235 1963 323 2019 76.
354 1956 433 2023 τὰ
475 1966 748 2023 τοιαῦτα
791 1955 811 2040 Ι
851 1956 967 2035 τὰς
1023 1968 1293 2024 τοιαῦτα
1350 1960 1403 2022 Ἃ
1467 1993 1541 2002 -
1601 1961 2003 2038 γιγνομὲνων
2054 1956 2076 2042 Ι
2126 1984 2300 2038 γινο-

350 2064 570 2138 μένων
598 2058 651 2120 Α
696 2095 777 2105 -
825 2059 1187 2143 α’νεβόησαν
1228 2061 1249 2144 Ι
1291 2060 1567 2143 ἐβόησαν
1606 2061 1660 2124 Ἃ
1702 2097 1785 2106 —-
1828 2059 1929 2124 Σὺ
1973 2059 2126 2126 Ἀστ.
2160 2059 2300 2145 Ιὼς

353 2161 508 2228 Ἀστ.
557 2159 956 2227 ΑΩἋΓΗΜΙ.
999 2199 1086 2209 -
1136 2172 1446 2241 πιμελοῦς
1485 2160 1505 2245 Ι
1549 2166 1888 2240 ἐπιμελοῦς
1930 2159 1983 2223 Α
2025 2195 2107 2206 -·
2152 2165 2301 2245 ἔφη·

354 2284 476 2330 σαν
518 2265 537 2348 ΙΙ
580 2268 827 2347 ἔφασαν
857 2263 927 2328 Ω
972 2302 1052 2311 —-
1098 2276 1438 2346 πεφεῖσθαι
1468 2266 1488 2350 fl
1517 2282 1728 2346 φεῖσαι
1772 2262 1894 2327 ΩΓ
1939 2274 2200 2345 φεῖσθαι
2245 2267 2300 2330 Ἃ

351 2371 522 2429 Harl.
568 2403 653 2414 -
708 2368 1118 2451 ἐπεμνήσθην
1159 2368 1180 2453 Ι
1222 2367 1641 2451 ὑπεμνήσθην
1685 2365 1921 2430 ssHarl.
1967 2404 2049 2413 -
2103 2371 2238 2450 ἴδῃς
2278 2365 2300 2453 Ι

351 2472 514 2548 ἴδοις
542 2468 596 2531 Α
625 2476 792 2553 εἰδῆς
821 2471 1043 2534 ἋΗειι-Ι.
1074 2506 1158 2515 -
1188 2470 1477 2554 σπουδὴν
1508 2469 1893 2553 ἐποιήσαντο
1921 2468 1943 2557 Ι
1970 2473 2062 2536 ἐπ.
2100 2492 2298 2537 σπου·

352 2571 469 2655 δὴν
515 2574 568 2636 Ἃ
611 2608 696 2618 -
741 2572 832 2651 ὡς
875 2580 983 2638 καὶ
1026 2599 1082 2657 ρ.
1115 2571 1136 2654 Ι
1166 2593 1280 2635 om.
1325 2580 1434 2638 καὶ
1463 2570 1587 2653 ἋΓ,
1634 2595 1748 2636 om.
1795 2572 1884 2651 ὡς
1926 2575 2093 2635 Harl.

173 2689 213 2732 c.
237 2680 324 2736 77.
353 2682 727 2756 λυγίζεσθαί
769 2701 837 2740 τε
878 2673 898 2756 Ι
940 2683 1141 2757 λυγίζ.
1190 2700 1350 2740 ποτε
1393 2677 1447 2739 Ἃ
1491 2712 1577 2723 -
1619 2678 1751 2740 δέοι
1794 2674 1815 2757 Ι
1856 2678 1977 2740 δέει
2022 2672 2072 2735 Α

171 2791 213 2833 c.
237 2781 323 2838 78.
351 2784 460 2841 καὶ
486 2776 800 2860 τῶνἙρμ.
836 2777 854 2858 l!
883 2798 998 2839 om.
1029 2785 1136 2843 καὶ
1160 2774 1213 2838 Α
1239 2814 1326 2822 -
1357 2780 1718 2857 ἐναγωνίου
1742 2831 1756 2843 .
1784 2831 1798 2843 .
1826 2830 1839 2843 .
1867 2782 2107 2843 Πολυδ.
2143 2783 2251 2842 καὶ
2280 2775 2301 2862 Ι

353 2900 464 2941 om.
509 2881 622 2941 sed
661 2901 851 2959 marg.
898 2883 1092 2943 adeor.
1138 2876 1208 2941 Ω

172 3012 211 3054 ο.
235 3003 321 3059 79.
352 2996 513 3065 ὥστε
557 2998 640 3065 ἂν
681 2999 703 3083 Ι
745 2998 912 3066 ὥστ’
956 2998 1039 3065 ἂν
1081 2996 1152 3060 Ω
1195 3035 1280 3046 -
1322 2998 1669 3080 γιγνόμενα
1712 2997 1733 3084 Ι
1771 2997 2077 3080 γινόμενα
2120 2997 2173 3060 Α
2211 3034 2296 3044 —-—

354 3098 672 3184 ὁρώντων
713 3099 734 3186 Ι
774 3100 1082 3184 ἐρώντων
1126 3103 1180 3166 Ἃ
1236 3138 1320 3148 —
1373 3100 1452 3168 τὸ
1513 3100 1814 3183 δακρύειν
1857 3099 1878 3184 Ι
1918 3100 1995 3165 τὸ
2038 3108 2146 3166 καὶ
2192 3107 2296 3166 δα-

352 3201 573 3286 κρύειν
634 3204 686 3267 Ἃ
741 3214 836 3290 τῷ
892 3211 1000 3269 καὶ
1058 3210 1191 3271 δακ.
1252 3208 1423 3267 Harl.
1487 3240 1561 3250 -—
1621 3201 1872 3269 ὁπόταν
1928 3203 1946 3287 ΙΙ
2002 3202 2200 3272 ὁπότε
2242 3208 2297 3271 Ἃ

353 3302 551 3370 ὁπότ’
581 3304 665 3370 ἂν
709 3308 877 3368 Harl.
925 3342 1008 3352 -
1053 3314 1359 3389 φαίνηται
1437 3315 1705 3389 φαίνῃ-τε
1750 3305 1805 3368 Ἃ
1845 3340 1930 3350 --
1971 3305 2297 3393 μάλισταΠ

351 3427 463 3469 om.
512 3407 564 3471 Ἃ
622 3444 708 3455 —
763 3411 834 3473 ἐν
879 3407 1111 3494 Πόντῳ
1155 3405 1176 3492 Ι
1218 3429 1331 3470 om.
1378 3412 1449 3473 ἐν
1494 3410 1547 3472 Ἃ
1602 3442 1688 3454 -
1746 3406 1902 3486 τοὺς
1944 3411 2075 3474 ἐκεῖ
2112 3409 2132 3494 ss
2177 3432 2291 3474 om.

349 3508 505 3588 τοὺς
547 3511 604 3574 Ἃ
646 3545 730 3555 -
772 3520 909 3575 τῶν
954 3509 1176 3576 ἄλλων
1218 3509 1238 3592 ΙΙ
1276 3532 1390 3574 om.
1433 3514 1604 3573 Harl.
1648 3547 1735 3557 —
1772 3520 2027 3589 μᾶλλον
2070 3511 2229 3596 ἢπερ
2274 3512 2295 3596 fl

348 3610 602 3689 μᾶλλόν
630 3637 750 3694 περ
779 3610 819 3695 ἢ
848 3608 1080 3675 ΑΩἋΓ
1123 3621 1269 3689 μᾶλ.
1304 3637 1423 3695 περ
1466 3616 1635 3675 Harl.
1679 3648 1763 3658 —
1807 3622 2233 3697 λειτουργίαις
2275 3613 2295 3699 fl

221 3785 230 3791 ⁵
354 3721 815 3796 λειτουργείαις
858 3711 911 3774 Α

161 3843 214 3912 μθ.
236 3833 322 3892 80.
350 3830 463 3911 τὰς
508 3832 738 3916 α’ρετὰς
778 3831 798 3916 fl
842 3854 956 3895 om.
1001 3832 1115 3911 τὰς
1158 3831 1212 3894 Α
1267 3872 1351 3881 -
1411 3832 1703 3914 ἅπαντας
1755 3834 1778 3920 Ι
1819 3834 2066 3913 πάντας
2112 3838 2164 3900 Ἃ
2208 3869 2292 3882 -—-

352 3933 561 4013 δεινὰς
590 3933 611 4018 fl
639 3961 820 4013 τινας
864 3937 916 4000 Ἃ
959 3972 1043 3982 -
1087 3944 1195 4002 καὶ
1240 3963 1291 4003 τ.
1339 3946 1403 4004 θ.
1438 3935 1458 4021 Η
1486 3957 1600 4000 om.
1646 3946 1752 4004 καὶ
1784 3940 2006 4002 ἋΗΜΙ.
2051 3974 2136 3984 -
2178 3937 2296 4018 τὰς

359 4042 643 4104 Θυέστου
670 4036 689 4121 ΙΙ
720 4059 835 4101 om.
879 4037 994 4116 τὰς
1023 4035 1144 4100 ΑΩ
1190 4076 1272 4086 -
1315 4046 1721 4122 παρηγμένος
1749 4038 1771 4123 ΙΙ
1804 4045 2212 4124 παρηγμένας
2240 4039 2293 4103 Α
