2800 4500
470 216 595 274 250

471 1354 523 1390 Γ.
555 1330 683 1388 :‡:÷.'

1419 214 1677 268 LUClANl

682 411 842 464 μενα
899 381 977 446 Ψ
1036 421 1119 429 -
1176 391 1456 463 βιβλίδια
1509 382 1529 469 Ι
1583 392 1801 465 βιβλία
1847 382 1967 446 ΩΓ
2013 389 2074 447 in
2116 406 2233 448 ras.
2297 420 2373 430 —
2423 385 2653 467 ἀναγι-

685 486 960 554 νώσκων
989 485 1009 571 ΙΙ
1037 484 1547 568 ἀναγιγνώσκων
1592 483 1644 546 Γ
1687 524 1771 533 -
1817 489 2161 566 ἐπισφαλὲς
2203 485 2222 572 ΙΙ
2266 487 2389 553 οὐκ
2437 487 2651 569 α’σφα-

687 598 784 670 ,ὶές
828 586 897 651 Ω
944 627 1019 635 -
1070 586 1410 673 ἐρωτήσεσι
1452 588 1473 675 Ι
1517 587 1902 674 ἐρωτήσεσιν
1948 586 1999 650 Γ
2056 625 2139 636 --
2185 592 2254 656 ἐν
2298 605 2441 669 ταῖς
2488 594 2581 675 ἐρ.
2632 589 2652 675 ss

687 718 797 756 vm.
830 695 898 759 ἐν
931 689 1063 755 w
1105 729 1188 738 -
1232 718 1367 760 m.
1406 661 1663 777 αὐτὸςἺ
1706 718 1761 759 κ.
1813 691 1977 760 αὐτὰ
2020 689 2101 754 Ψ
2144 719 2201 759 κ.
2248 691 2411 759 αὐτὸ
2456 696 2514 756 U
2564 727 2650 739 -

689 798 775 874 [ἕως
817 794 1096 879 ὕποχειρ.
1207 802 1314 861 καὶ
1359 795 1450 874 ὡς
1494 794 1679 878 ῦποχ.
1730 792 1800 858 Ω
1843 832 1929 842 -
1972 797 2101 877 ἔχοι
2146 793 2165 881 ΙΙ
2200 797 2363 877 ἔχειν
2411 792 2492 857 Ψ
2538 797 2649 878 ἔχη

714 938 767 946 -
821 896 1243 979 πεπομφότας
1287 897 1306 984 ss
1347 902 1719 977 πέμποντας
1763 895 1898 962 lP'U
1942 906 2294 980 -συνίης
2338 896 2358 982 ss
2401 906 2651 976 συνίεις

687 1002 751 1062 Ω
797 1009 1049 1085 συνίησι
1094 998 1173 1062 Ψ
1218 1008 1455 1079 συνιεὶς
1503 998 1552 1061 Γ
1597 1039 1681 1049 -
1724 1006 1864 1079 οἵας
1907 999 1926 1086 ss
1970 1006 2075 1067 οἵα
2112 997 2264 1062 ΩΨ
2308 1039 2391 1048 -
2433 999 2651 1085 μέγαΙΙ

683 1103 922 1186 μεγάλα
966 1100 1089 1166 ΩΓ
1147 1140 1229 1149 -
1287 1102 1547 1182 πύστεις
1593 1101 1613 1188 Ι
1655 1112 1893 1182 πίστεις
1940 1100 2018 1165 Ψ
2071 1139 2153 1149 -
2198 1101 2412 1170 πολλὰ
2460 1102 2480 1188 ΙΙ
2525 1125 2646 1167 om.

691 1206 763 1270 Ψ
807 1246 889 1256 -
934 1209 1064 1289 ἔχοι
1112 1205 1133 1291 ss
1175 1208 1293 1290 ἔχει
1339 1204 1475 1269 ΨΠ

695 1336 1125 1414 Ρουτιλλιανῷ
1166 1326 1186 1411 ΙΙ
1217 1326 1631 1393 Ῥουτιλιανῶ
1688 1323 1739 1386 Γ
1799 1362 1879 1372 -
1938 1324 2101 1409 ὑπὲρ
2162 1322 2183 1409 Ι
2237 1332 2383 1410 περὶ
2427 1322 2499 1387 Ω
2563 1362 2647 1372 -

683 1427 908 1508 ,παιδὸς
951 1429 972 1515 ss
1013 1435 1164 1496 υἱοῦ
1209 1426 1288 1490 Ψ
1344 1465 1426 1475 -
1484 1431 1552 1493 ἐκ
1610 1455 1713 1512 πρ.
1763 1427 1783 1514 ΙΙ
1825 1436 1947 1495 τοῦ
1991 1430 2062 1494 ἐκ
2107 1453 2215 1506 πρ.
2261 1423 2341 1489 Ψ
2393 1464 2480 1474 -
2538 1427 2650 1495 ὅν-

687 1558 825 1598 τινα
881 1529 1303 1616 προστήσεται
1360 1529 1479 1596 τὸν
1522 1529 1541 1616 ss
1583 1535 1799 1594 lacuna
1851 1535 1912 1593 in
1957 1527 2037 1593 Ψ
2098 1569 2182 1579 -
2242 1549 2468 1614 προστ.
2520 1530 2648 1599 τὸν

687 1633 1068 1700 διδάσκαλον
1097 1632 1116 1719 ΙΙ
1145 1632 1579 1718 προστήσαιτο
1618 1637 1702 1711 (in
1732 1636 1872 1712 rae.)
1919 1631 2308 1700 διδάσκαλον
2355 1654 2474 1696 om.
2522 1632 2649 1700 τὸν

691 1734 731 1794 Γ
790 1735 1221 1820 προστήσαιτο
1277 1735 1355 1802 τὸ
1412 1742 1461 1803 δ.
1512 1739 1566 1799 U
1624 1772 1699 1782 —
1765 1740 2070 1815 πολέμων
2123 1735 2143 1822 ss
2199 1757 2313 1799 om.
2362 1733 2501 1800 *FU
2561 1773 2649 1783 —

687 1838 909 1906 ιέῡιδόν
951 1838 970 1924 ΙΙ
1013 1838 1239 1906 αόιδόν
1285 1838 1534 1923 ὅμηρον
1581 1842 1664 1918 (in
1708 1844 1855 1917 rae.)
1894 1842 1951 1903 U
2008 1876 2091 1884 —
2146 1841 2269 1921 εἶχε
2312 1836 2332 1922 ss
2376 1841 2549 1921 εἶχεν
2596 1836 2649 1900 Γ

696 1982 767 1986 -
799 1940 1268 2022 Ῥουτιλλιανὸς
1310 1942 1330 2029 ss
1362 1940 1794 2020 Ῥουτιλιανὸς
1837 1939 1945 2004 UP
1995 1977 2079 1988 —
2126 1942 2218 2008 δι’
2264 1940 2427 2008 αὐτὸ
2472 1945 2494 2029 Ι
2539 1942 2647 2010 διὰ

691 2056 880 2114 τοῦτο
940 2043 1075 2111 ΨΠ
1127 2083 1212 2093 —
1268 2055 1561 2144 κελεῦσαι
1617 2050 1856 2128 μηδένα
1910 2044 1929 2130 ss
1977 2051 2117 2129 μηδ.
2180 2055 2306 2112 κελ.
2358 2042 2497 2109 ΨΠ
2560 2083 2648 2093 -

691 2194 1042 2263 Ὶεπεθνεῶτας
1080 2184 1098 2270 ss
1146 2150 1465 2267 veavag'v
1522 2187 1610 2246 sic
1660 2179 1738 2244 Ψ
1788 2217 1870 2228 -
1925 2185 1993 2247 ἐν
2028 2179 2244 2251 Ἅιδου
2292 2181 2311 2268 ΙΙ
2363 2185 2433 2249 ἐν
2478 2183 2651 2252 οἷδοῦ

691 2286 735 2346 Γ
790 2325 873 2333 -
931 2290 1347 2371 ἐνδιατρίβειν
1406 2287 1426 2373 ΙΙ
1483 2290 1811 2371 ἐντρυφᾶν
1856 2289 2028 2363 (rae.)
2074 2289 2128 2349 U
2185 2292 2516 2371 συνδιατρ.
2569 2284 2652 2349 Ψ

495 2422 565 2470 ·,;
619 2418 651 2470 q
691 2411 1163 2493 Ιτυνθανομένῳ
1222 2405 1241 2491 ΙΙ
1283 2411 1637 2495 πυθομένῳ
1681 2409 1738 2470 U
1795 2442 1879 2453 —
1935 2414 2113 2485 τίνος
2167 2405 2189 2491 Ι
2228 2405 2411 2485 τινὸς
2462 2404 2514 2468 Γ
2560 2445 2647 2453 -

475 2967 523 2999 ιὰ..
559 2947 651 2999 Εὖ,

475 3391 523 3427 ιζε.
555 3375 647 3431 ΞΗ.

687 2520 947 2595 πρῶτον
991 2510 1009 2593 ΙΙ
1053 2536 1156 2593 πρ.
1205 2514 1324 2588 μὲν
1369 2507 1451 2571 Ψ
1491 2547 1575 2556 —-
1620 2518 1817 2592 φαίνῃ
1846 2509 1865 2594 ss
1896 2517 2112 2590 φαίνει
2154 2506 2207 2570 Γ
2251 2545 2337 2555 -
2382 2507 2647 2594 ἔσσεαιΙ

687 2623 888 2679 π’·ιῖσαιε
945 2609 1023 2673 Ψ
1080 2648 1163 2657 -
1218 2610 1402 2695 ἡλιὰς
1444 2610 1465 2697 ss
1508 2610 1671 2690 ἰλιάς
1724 2615 1780 2674 U
1838 2648 1920 2658 —
1978 2610 2352 2693 ὀγδώκοντ’
2394 2610 2415 2696 Ι
2460 2612 2651 2694 ὀγδο-

687 2715 924 2795 ήκοντα
971 2711 1052 2775 Ψ
1094 2753 1178 2761 -
1222 2717 1324 2780 ἐπὶ
1367 2730 1508 2793 τοῖς
1551 2712 1570 2799 ΙΙ
1614 2718 1715 2780 ἐπὶ
1759 2711 2022 2793 τούτοις
2065 2712 2145 2778 Ψ
2187 2752 2273 2761 —
2316 2713 2648 2794 λυκάβαν-

691 2843 799 2896 τας
839 2814 860 2902 ss
902 2815 1313 2896 λυκάβαντος
1356 2814 1438 2878 Ψ
1481 2855 1564 2863 -
1610 2816 1694 2883 οῦ
1737 2842 1943 2900 περιμ.
1992 2816 2013 2904 ss
2058 2817 2209 2883 οὐδὲ
2255 2843 2318 2883 π.
2369 2813 2441 2878 Ω

687 2962 840 3003 ποτε
883 2935 902 3022 ΙΙ
946 2957 1061 2999 om.
1108 2932 1186 2997 Ψ
1244 2972 1328 2981 -
1371 2946 1516 3003 Σελ.
1566 2963 1634 3003 τε
1675 2936 1695 3023 ss
1737 2958 1849 3000 om.
1895 2962 1962 3002 τε
2008 2933 2088 2999 Ψ
2147 2973 2230 2983 -
2285 2934 2649 3003 καθεύδον-

691 3067 792 3119 τος
848 3038 867 3124 ΙΙ
922 3037 1327 3105 καθεύδοντα
1383 3036 1562 3102 nm*
1618 3077 1703 3085 ——
1758 3038 2076 3124 μελλήσας
2133 3037 2154 3124 ΙΙ
2194 3037 2472 3122 μελήσας
2520 3038 2649 3101 ΩΓ

697 3183 767 3187 -
811 3146 1126 3223 ξυνετέλει
1172 3139 1191 3226 ΙΙ
1235 3145 1553 3207 συνετέλει
1604 3137 1656 3201 Γ
1717 3180 1798 3189 -
1856 3139 1973 3225 τὴν
2022 3150 2206 3207 πενθ.
2255 3139 2274 3225 ss
2316 3148 2423 3206 καὶ
2468 3168 2520 3207 τ.
2576 3168 2641 3208 π.

691 3243 763 3307 Ψ
803 3254 882 3329 τῇ
926 3252 1210 3328 πενθερᾷ
1254 3242 1485 3327 σελήνη
1529 3264 1647 3307 rae.
1693 3248 1749 3307 U
1791 3280 1873 3290 —
1921 3241 2345 3322 ἱλασκόμενος
2386 3242 2554 3329 lom.
2589 3247 2649 3308 U

683 3374 874 3449 μείζω
901 3364 923 3452 ss
949 3373 1171 3449 μεῖζον
1203 3361 1325 3427 ΩΓ
1355 3401 1441 3411 -
1471 3362 1888 3450 προσεπενόει
1916 3363 1934 3450 ss
1964 3361 2304 3448 προσενόει
2332 3361 2413 3425 Ψ
2444 3388 2649 3449 προσ-

687 3466 921 3536 ενενόει
965 3473 1019 3532 U
1066 3506 1138 3516 —
1193 3471 1427 3548 ἔπεμπε
1469 3470 1487 3556 ΙΙ
1531 3470 1805 3547 ἔπεμπεν
1849 3465 1900 3528 Γ
1960 3502 2045 3514 -
2082 3466 2585 3551 χρησμολόγους
2632 3467 2653 3554 Ι

683 3571 1183 3656 χρησμοφόρους
1213 3569 1335 3633 ΩΓ
1380 3609 1463 3618 -
1512 3569 1833 3656 πυρκαϊὰς
1863 3570 1882 3656 ΙΙ
1910 3568 2232 3654 πυρετοὺς
2269 3567 2349 3633 Ψ
2397 3606 2478 3615 -—
2524 3596 2651 3651 φυ-

695 3675 1032 3739 λιῑὲττεσθαι
1077 3674 1096 3759 ss
1138 3677 1390 3741 ἔσεσθαι
1436 3671 1514 3735 Ψ
1560 3712 1635 3721 -
1688 3672 1778 3751 ὡς
1819 3671 1903 3757 μὴ
1936 3680 2185 3754 γίνοιτο
2226 3670 2247 3757 Ι
2290 3679 2348 3737 εἰ
2386 3678 2652 3756 γένηται

695 3771 767 3835 Ψ
809 3811 893 3821 -
937 3777 1049 3841 ἕνα
1081 3781 1146 3842 δέ
1189 3803 1333 3842 τινα
1361 3776 1380 3861 ss
1410 3778 1523 3843 ἕνα
1568 3774 1643 3861 δή
1687 3802 1833 3844 τινα
1863 3772 1985 3837 ΩΓ
2030 3778 2100 3841 ἐν
2146 3773 2308 3842 ἅδου
2342 3773 2513 3856 Ψ(“Ρ)
2564 3813 2643 3822 -

691 3907 747 3955 mg
779 3875 1034 3943 ἅπαντα
1062 3876 1080 3961 ΙΙ
1110 3884 1196 3955 εἰς
1225 3876 1332 3945 ἅπ.
1369 3875 1493 3940 ΩΓ
1538 3915 1619 3927 -
1664 3888 1902 3958 λοιμοῦ
1938 3876 1959 3964 Ι
2000 3887 2196 3957 λιμοῦ
2237 3874 2317 3940 Ψ
2367 3916 2446 3923 —-
2492 3878 2650 3943 οἷπε-

691 3979 866 4059 ῑι-ιὲκει
907 3977 927 4062 ΙΙ
972 3978 1258 4062 α’περΰκα
1275 3982 1352 4059 (Ῥ)
1397 3977 1479 4041 Ψ
1523 4016 1600 4027 -
1649 3980 1739 4060 ὡς
1781 4009 1833 4049 τ.
1881 3991 1935 4049 λ.
1987 3980 2231 4062 ἅλεξιφ.
2344 4002 2458 4045 om.
2506 3978 2647 4045 *FU
